TIMESTAMP,SIDE,PRICE,VOLUME,AMOUNT_USD
2025-10-06T20:50:36.000Z,Yes,0.05,20,1
2025-10-06T21:15:54.000Z,No,0.93,50,46.5
2025-10-06T21:15:54.000Z,Yes,0.07,70,4.9
2025-10-06T21:15:54.000Z,No,0.93,20,18.6
2025-10-06T23:40:44.000Z,No,0.94,20,18.8
2025-10-06T23:40:44.000Z,Yes,0.06,20,1.2
2025-10-07T00:23:26.000Z,Yes,0.06,180,10.8
2025-10-07T00:23:26.000Z,No,0.94,220,206.8
2025-10-07T00:23:26.000Z,Yes,0.06,326.67,19.6002
2025-10-07T00:23:26.000Z,No,0.94,326.67,307.0698
2025-10-07T00:23:26.000Z,Yes,0.06,20,1.2
2025-10-07T00:25:18.000Z,Yes,0.06,19.47,1.1682
2025-10-07T00:25:18.000Z,Yes,0.06,180.53,10.8318
2025-10-07T18:52:36.000Z,Yes,0.07,20,1.4
2025-10-08T00:40:48.000Z,No,0.930000098,9.285713,8.635714
2025-10-08T00:40:48.000Z,Yes,0.0699999363,14.285713,0.999999
2025-10-08T02:47:30.000Z,Yes,0.06,10,0.6
2025-10-08T02:47:30.000Z,No,0.94,10,9.4
2025-10-08T08:33:14.000Z,Yes,0.07272727273,550,40
2025-10-08T08:33:14.000Z,No,0.93,200,186
2025-10-08T08:33:14.000Z,No,0.93,200,186
2025-10-08T08:33:14.000Z,No,0.92,150,138
2025-10-08T08:52:44.000Z,No,0.92,200,184
2025-10-08T08:52:44.000Z,Yes,0.08,200,16
2025-10-08T09:59:50.000Z,No,0.9299999994,31.107514,28.929988
2025-10-08T09:59:50.000Z,No,0.93,31.1,28.923
2025-10-08T09:59:50.000Z,Yes,0.07,31.1,2.177
2025-10-08T09:59:50.000Z,Yes,0.07000000064,31.107514,2.177526
2025-10-08T15:56:40.000Z,Yes,0.07,99.99,6.9993
2025-10-08T15:56:40.000Z,Yes,0.07,40,2.8
2025-10-08T15:56:40.000Z,No,0.93,90,83.7
2025-10-08T15:56:40.000Z,No,0.93,99.99,92.9907
2025-10-08T23:10:45.000Z,No,0.93,10,9.3
2025-10-08T23:10:47.000Z,No,0.93,19.51,18.1443
2025-10-09T03:32:18.000Z,Yes,0.07000000028,177.387085,12.417096
2025-10-09T03:32:18.000Z,Yes,0.07,74.71,5.2297
2025-10-09T03:32:18.000Z,Yes,0.07,125.29,8.7703
2025-10-09T03:32:18.000Z,No,0.93,200,186
2025-10-09T03:32:18.000Z,No,0.9299999997,177.387085,164.969989
2025-10-10T02:00:23.000Z,Yes,0.08,100,8
2025-10-10T02:00:23.000Z,No,0.92,100,92
2025-10-10T10:01:18.000Z,Yes,0.07,14,0.98
2025-10-10T10:01:18.000Z,Yes,0.07,86,6.02
2025-10-10T21:52:06.000Z,No,0.92,105,96.6
2025-10-10T21:52:06.000Z,No,0.92,201,184.92
2025-10-10T21:52:06.000Z,Yes,0.08,362.5,29
2025-10-10T21:52:40.000Z,Yes,0.07000000094,10.645157,0.745161
2025-10-10T21:52:40.000Z,No,0.9299999991,10.645157,9.899996
2025-10-10T21:52:40.000Z,No,0.9299999991,10.645157,9.899996
2025-10-10T21:52:40.000Z,Yes,0.07000000094,10.645157,0.745161
2025-10-10T21:52:48.000Z,Yes,0.07000001116,5.376342,0.376344
2025-10-10T21:52:48.000Z,Yes,0.07000001116,5.376342,0.376344
2025-10-10T21:52:48.000Z,No,0.9299999888,5.376342,4.999998
2025-10-10T21:52:48.000Z,No,0.9299999888,5.376342,4.999998
2025-10-11T00:43:12.000Z,Yes,0.06,50,3
2025-10-11T03:57:46.000Z,Yes,0.0699999839,57.142856,3.999999
2025-10-11T05:28:56.000Z,Yes,0.07,249,17.43
2025-10-12T03:37:01.000Z,No,0.92,202,185.84
2025-10-12T03:37:01.000Z,No,0.91,200,182
2025-10-12T03:37:01.000Z,Yes,0.08221552294,1000.054443,82.219999
2025-10-12T03:37:01.000Z,No,0.9100000403,21.564443,19.623644
2025-10-12T15:45:21.000Z,Yes,0.089999919,11.11111,0.999999
2025-10-12T15:45:21.000Z,No,0.910000081,11.11111,10.111111
2025-10-12T18:33:39.000Z,No,0.9100000264,33.333332,30.333333
2025-10-12T18:33:39.000Z,Yes,0.0899999736,33.333332,2.999999
2025-10-13T00:50:29.000Z,No,0.9,200,180
2025-10-13T00:50:29.000Z,No,0.9,200,180
2025-10-13T00:50:29.000Z,No,0.9,97.791,88.0119
2025-10-13T00:50:29.000Z,No,0.91,183.97,167.4127
2025-10-13T00:50:29.000Z,Yes,0.09471481842,1055.801,100
2025-10-13T15:29:43.000Z,Yes,0.1,70,7
2025-10-13T17:08:03.000Z,No,0.8800001008,8.333332,7.333333
2025-10-13T17:08:03.000Z,Yes,0.1199998992,8.333332,0.999999
2025-10-13T17:11:11.000Z,Yes,0.1199999602,21.083332,2.529999
2025-10-13T17:11:11.000Z,No,0.8800000398,21.083332,18.553333
2025-10-13T18:48:39.000Z,No,0.8800000101,83.333332,73.333333
2025-10-13T18:48:39.000Z,Yes,0.1199999899,83.333332,9.999999
2025-10-13T19:57:37.000Z,Yes,0.1,30,3
2025-10-13T19:57:37.000Z,No,0.9,5,4.5
2025-10-13T19:57:37.000Z,No,0.9,30,27
2025-10-13T19:57:37.000Z,Yes,0.1,5,0.5
2025-10-13T19:57:37.000Z,Yes,0.1,26,2.6
2025-10-13T19:57:37.000Z,No,0.9,26,23.4
2025-10-13T20:04:21.000Z,Yes,0.11,30,3.3
2025-10-13T20:04:21.000Z,No,0.89,30,26.7
2025-10-13T20:07:29.000Z,Yes,0.11,43,4.73
2025-10-13T20:07:29.000Z,No,0.89,45,40.05
2025-10-13T20:07:29.000Z,Yes,0.11,2,0.22
2025-10-13T20:08:31.000Z,Yes,0.11,16.23,1.7853
2025-10-13T20:08:31.000Z,No,0.89,16.23,14.4447
2025-10-13T20:30:13.000Z,No,0.87,200.1,174.087
2025-10-13T20:30:13.000Z,No,0.87,200,174
2025-10-13T20:30:13.000Z,No,0.88,201,176.88
2025-10-13T20:30:13.000Z,No,0.86,237.75,204.465
2025-10-13T20:30:13.000Z,No,0.87,202,175.74
2025-10-13T20:30:13.000Z,No,0.88,202,177.76
2025-10-13T20:30:13.000Z,No,0.87,200,174
2025-10-13T20:30:13.000Z,Yes,0.1281886938,1560.2,200
2025-10-13T20:30:13.000Z,No,0.88,87.23,76.7624
2025-10-13T20:35:55.000Z,No,0.89,100,89
2025-10-13T20:44:15.000Z,No,0.89,16.23,14.4447
2025-10-13T21:45:57.000Z,No,0.88,100,88
2025-10-13T21:45:57.000Z,No,0.88,50,44
2025-10-13T21:45:57.000Z,No,0.88,100,88
2025-10-13T21:51:39.000Z,Yes,0.13,10,1.3
2025-10-13T21:51:39.000Z,No,0.87,10,8.7
2025-10-13T21:53:03.000Z,Yes,0.13,27,3.51
2025-10-13T21:53:03.000Z,No,0.87,27,23.49
2025-10-13T22:02:59.000Z,Yes,0.13,100,13
2025-10-13T22:03:13.000Z,Yes,0.13,100,13
2025-10-14T02:05:29.000Z,Yes,0.1299999467,15.384614,1.999999
2025-10-14T06:31:59.000Z,No,0.88,10,8.8
2025-10-14T08:19:25.000Z,Yes,0.1299999789,38.461537,4.999999
2025-10-14T08:27:19.000Z,Yes,0.1299998986,7.692306,0.999999
2025-10-14T09:25:19.000Z,Yes,0.1299999902,76.923075,9.999999
2025-10-14T14:15:57.000Z,Yes,0.1299998986,7.692306,0.999999
2025-10-14T14:50:45.000Z,Yes,0.1299998986,7.692306,0.999999
2025-10-14T14:53:45.000Z,No,0.87,133.9,116.493
2025-10-14T14:53:45.000Z,No,0.87,310,269.7
2025-10-14T14:53:45.000Z,No,0.87,10,8.7
2025-10-14T14:53:45.000Z,Yes,0.13,1000,130
2025-10-14T14:53:45.000Z,No,0.87,200,174
2025-10-14T14:56:05.000Z,Yes,0.13,27,3.51
2025-10-14T14:56:05.000Z,No,0.87,27,23.49
2025-10-14T14:57:23.000Z,No,0.87,27,23.49
2025-10-14T14:57:23.000Z,Yes,0.13,27,3.51
2025-10-14T14:58:29.000Z,No,0.87,27,23.49
2025-10-14T14:58:29.000Z,Yes,0.13,27,3.51
2025-10-14T18:19:35.000Z,Yes,0.1399999948,142.857141,19.999999
2025-10-14T18:19:37.000Z,Yes,0.1399999948,142.857141,19.999999
2025-10-14T19:36:41.000Z,No,0.86,6.99,6.0114
2025-10-14T19:41:09.000Z,Yes,0.14,100,14
2025-10-15T00:46:41.000Z,No,0.8600000276,26.857141,23.097142
2025-10-15T00:46:41.000Z,Yes,0.1399999724,26.857141,3.759999
2025-10-15T09:20:11.000Z,No,0.8600001176,7.142856,6.142857
2025-10-15T09:20:11.000Z,Yes,0.1399998824,7.142856,0.999999
2025-10-15T09:34:21.000Z,No,0.85,200,170
2025-10-15T09:34:21.000Z,No,0.8500000084,95.317332,81.019733
2025-10-15T09:34:21.000Z,Yes,0.1446877786,1056.827332,152.909999
2025-10-15T09:34:21.000Z,No,0.86,351.54,302.3244
2025-10-15T09:34:21.000Z,No,0.85,200.1,170.085
2025-10-15T09:34:21.000Z,No,0.86,200,172
2025-10-15T11:13:39.000Z,No,0.8599998762,5.813952,4.999998
2025-10-15T12:31:09.000Z,No,0.8300001139,5.882351,4.882352
2025-10-15T12:31:09.000Z,Yes,0.1699998861,5.882351,0.999999
2025-10-15T12:55:33.000Z,Yes,0.1699998861,5.882351,0.999999
2025-10-15T12:55:33.000Z,No,0.8300001139,5.882351,4.882352
2025-10-15T13:42:59.000Z,Yes,0.1699998861,5.882351,0.999999
2025-10-15T13:45:49.000Z,No,0.85,141,119.85
2025-10-15T13:49:17.000Z,No,0.85,100,85
2025-10-15T14:08:49.000Z,No,0.85,180,153
2025-10-15T14:08:51.000Z,No,0.85,184.31,156.6635
2025-10-15T14:38:27.000Z,Yes,0.1699999945,129.411763,21.999999
2025-10-15T15:13:55.000Z,No,0.84,15.875,13.335
2025-10-15T15:13:55.000Z,Yes,0.16,15.875,2.54
2025-10-15T15:36:59.000Z,No,0.84,6.25,5.25
2025-10-15T15:36:59.000Z,Yes,0.16,6.25,1
2025-10-15T16:53:15.000Z,No,0.85,5,4.25
2025-10-15T17:22:59.000Z,No,0.86,130.28,112.0408
2025-10-15T17:22:59.000Z,Yes,0.14,90,12.6
2025-10-15T17:22:59.000Z,Yes,0.14,110,15.4
2025-10-15T17:22:59.000Z,Yes,0.13,30,3.9
2025-10-15T17:22:59.000Z,Yes,0.14,5,0.7
2025-10-15T17:22:59.000Z,No,0.87,30,26.1
2025-10-15T17:22:59.000Z,No,0.86,90,77.4
2025-10-15T17:39:49.000Z,Yes,0.1399999787,35.714284,4.999999
2025-10-15T17:39:49.000Z,No,0.8600000213,35.714284,30.714285
2025-10-15T18:22:11.000Z,No,0.88,30,26.4
2025-10-15T18:22:11.000Z,No,0.88,68,59.84
2025-10-15T18:22:11.000Z,No,0.8799999647,15.886362,13.979998
2025-10-15T18:22:29.000Z,No,0.88,50,44
2025-10-15T18:55:17.000Z,No,0.8700001014,7.692306,6.692307
2025-10-15T18:55:17.000Z,Yes,0.1299998986,7.692306,0.999999
2025-10-15T19:18:17.000Z,No,0.88,34,29.92
2025-10-15T19:20:19.000Z,No,0.8799999761,20.102271,17.689998
2025-10-15T19:20:21.000Z,No,0.88,60,52.8
2025-10-15T20:32:21.000Z,No,0.88,25,22
2025-10-15T20:32:21.000Z,No,0.8801424702,398.68,350.8952
2025-10-15T20:32:23.000Z,No,0.88,185,162.8
2025-10-15T21:02:27.000Z,No,0.8800001008,8.333332,7.333333
2025-10-15T21:02:27.000Z,Yes,0.1199998992,8.333332,0.999999
2025-10-16T02:39:01.000Z,No,0.8800001008,8.333332,7.333333
2025-10-16T02:39:01.000Z,Yes,0.1199998992,8.333332,0.999999
2025-10-16T07:13:26.000Z,No,0.8800001008,8.333332,7.333333
2025-10-16T07:13:26.000Z,Yes,0.1199998992,8.333332,0.999999
2025-10-16T09:08:15.000Z,No,0.8899994126,1.123594,0.999998
2025-10-16T09:10:25.000Z,No,0.88,4.98,4.3824
2025-10-16T09:10:25.000Z,Yes,0.12,53,6.36
2025-10-16T09:39:07.000Z,Yes,0.1199999981,416.666665,49.999999
2025-10-16T09:39:07.000Z,No,0.8800000031,259.686665,228.524266
2025-10-16T09:55:41.000Z,Yes,0.1199999937,133.333332,15.999999
2025-10-16T09:55:41.000Z,No,0.8800000063,133.333332,117.333333
2025-10-16T14:13:39.000Z,Yes,0.1299998986,7.692306,0.999999
2025-10-16T16:41:43.000Z,Yes,0.1299999307,11.53846,1.499999
2025-10-16T19:02:33.000Z,Yes,0.1299999951,153.846152,19.999999
2025-10-16T21:45:47.000Z,Yes,0.1299999967,230.769229,29.999999
2025-10-16T21:56:25.000Z,Yes,0.1299999929,115.384614,14.999999
2025-10-17T01:17:29.000Z,Yes,0.1299998986,7.692306,0.999999
2025-10-17T01:26:03.000Z,Yes,0.13,200,26
2025-10-17T02:05:59.000Z,Yes,0.129999987,61.53846,7.999999
2025-10-17T06:06:22.000Z,Yes,0.1299998986,7.692306,0.999999
2025-10-17T07:31:02.000Z,Yes,0.1299998986,7.692306,0.999999
2025-10-17T10:24:14.000Z,Yes,0.129999975,30.769229,3.999999
2025-10-17T11:33:44.000Z,Yes,0.1299998986,7.692306,0.999999
2025-10-17T13:15:08.000Z,Yes,0.1349794325,901.91,121.7393
2025-10-17T13:15:08.000Z,No,0.86,34,29.24
2025-10-17T13:15:08.000Z,No,0.86,201,172.86
2025-10-17T13:15:08.000Z,No,0.86,200.1,172.086
2025-10-17T13:19:16.000Z,Yes,0.16,6.09,0.9744
2025-10-17T13:19:16.000Z,No,0.84,6.09,5.1156
2025-10-17T15:18:34.000Z,Yes,0.15,3.91,0.5865
2025-10-17T15:18:34.000Z,No,0.85,10,8.5
2025-10-17T15:18:36.000Z,Yes,0.15,3.91,0.5865
2025-10-17T15:18:36.000Z,Yes,0.15,6.09,0.9135
2025-10-17T15:18:36.000Z,No,0.85,10,8.5
2025-10-17T21:33:30.000Z,Yes,0.16,18.75,3
2025-10-17T21:33:30.000Z,No,0.84,18.75,15.75
2025-10-17T22:01:48.000Z,No,0.84,125,105
2025-10-17T22:01:48.000Z,Yes,0.16,125,20
2025-10-17T23:29:18.000Z,Yes,0.14,14,1.96
2025-10-17T23:29:18.000Z,No,0.86,14,12.04
2025-10-17T23:43:58.000Z,No,0.84,12.75,10.71
2025-10-17T23:43:58.000Z,Yes,0.16,12.75,2.04
2025-10-18T00:06:08.000Z,Yes,0.14999994,13.333332,1.999999
2025-10-18T00:55:44.000Z,Yes,0.1499998875,6.666665,0.999999
2025-10-18T01:02:28.000Z,Yes,0.1499998875,6.666665,0.999999
2025-10-18T02:40:50.000Z,No,0.86,220,189.2
2025-10-18T02:40:50.000Z,Yes,0.14,6,0.84
2025-10-18T02:40:50.000Z,Yes,0.14,21.28,2.9792
2025-10-18T02:40:50.000Z,Yes,0.14,198,27.72
2025-10-18T02:40:50.000Z,No,0.86,21.28,18.3008
2025-10-18T02:53:20.000Z,Yes,0.13,12.19,1.5847
2025-10-18T06:20:12.000Z,Yes,0.1399998824,7.142856,0.999999
2025-10-18T06:20:12.000Z,No,0.8600001176,7.142856,6.142857
2025-10-18T07:02:30.000Z,No,0.8600000112,71.42857,61.428571
2025-10-18T07:02:30.000Z,Yes,0.1399999888,71.42857,9.999999
2025-10-18T07:10:10.000Z,Yes,0.1399999426,14.285713,1.999999
2025-10-18T07:10:10.000Z,No,0.8600000574,14.285713,12.285714
2025-10-18T08:58:58.000Z,Yes,0.13,11.53,1.4989
2025-10-18T10:00:04.000Z,Yes,0.1399998824,7.142856,0.999999
2025-10-18T10:00:04.000Z,No,0.8600001176,7.142856,6.142857
2025-10-18T10:32:14.000Z,Yes,0.1399998824,7.142856,0.999999
2025-10-18T10:32:14.000Z,No,0.8600001176,7.142856,6.142857
2025-10-18T10:35:34.000Z,No,0.86,9.55,8.213
2025-10-18T10:35:34.000Z,No,0.8600001629,4.664284,4.011285
2025-10-18T10:35:34.000Z,Yes,0.1399999465,14.214284,1.989999
2025-10-18T10:58:40.000Z,Yes,0.1399999426,14.285713,1.999999
2025-10-18T10:58:40.000Z,No,0.8600000574,14.285713,12.285714
2025-10-18T11:18:26.000Z,No,0.8600001176,7.142856,6.142857
2025-10-18T11:18:26.000Z,Yes,0.1399998824,7.142856,0.999999
2025-10-18T11:54:44.000Z,No,0.86,23.89,20.5454
2025-10-18T11:54:44.000Z,Yes,0.1399999948,142.857141,19.999999
2025-10-18T12:21:44.000Z,Yes,0.1499999913,86.666665,12.999999
2025-10-18T12:56:56.000Z,Yes,0.15,100,15
2025-10-18T13:16:04.000Z,Yes,0.1499998875,6.666665,0.999999
2025-10-18T13:44:20.000Z,Yes,0.14999994,13.333332,1.999999
2025-10-18T15:02:06.000Z,No,0.87,25,21.75
2025-10-18T15:02:06.000Z,Yes,0.13,30,3.9
2025-10-18T15:02:06.000Z,Yes,0.13,25,3.25
2025-10-18T15:02:06.000Z,No,0.871828,500,435.914
2025-10-18T15:02:06.000Z,Yes,0.12,91.4,10.968
2025-10-18T15:02:06.000Z,No,0.87,30,26.1
2025-10-18T15:02:06.000Z,Yes,0.13,5,0.65
2025-10-18T15:02:06.000Z,Yes,0.13,207.6,26.988
2025-10-18T15:02:06.000Z,Yes,0.13,132.28,17.1964
2025-10-18T15:19:22.000Z,Yes,0.13,76.92,9.9996
2025-10-18T15:29:34.000Z,Yes,0.1399998824,7.142856,0.999999
2025-10-18T15:29:34.000Z,No,0.86,5,4.3
2025-10-18T15:29:48.000Z,Yes,0.1399999727,28.571427,3.999999
2025-10-18T15:54:06.000Z,Yes,0.13,11,1.43
2025-10-18T16:12:32.000Z,Yes,0.13,11,1.43
2025-10-18T16:46:28.000Z,No,0.84,59.5,49.98
2025-10-18T16:46:28.000Z,No,0.85,200.1,170.085
2025-10-18T16:46:28.000Z,No,0.8300000041,186.845881,155.082082
2025-10-18T16:46:28.000Z,Yes,0.1526863814,982.405881,149.999999
2025-10-18T17:16:16.000Z,Yes,0.16,6.25,1
2025-10-18T17:20:40.000Z,No,0.84,31.25,26.25
2025-10-18T17:20:40.000Z,Yes,0.16,31.25,5
2025-10-18T17:45:26.000Z,Yes,0.17,10,1.7
2025-10-18T17:45:26.000Z,No,0.83,10,8.3
2025-10-18T19:10:04.000Z,Yes,0.15,51.2,7.68
2025-10-18T19:10:04.000Z,Yes,0.15,148.8,22.32
2025-10-18T19:10:04.000Z,No,0.85,51.2,43.52
2025-10-18T19:10:04.000Z,No,0.85,150,127.5
2025-10-18T19:10:04.000Z,No,0.85,30,25.5
2025-10-18T19:20:18.000Z,Yes,0.1499998875,6.666665,0.999999
2025-10-18T19:20:18.000Z,No,0.8500001125,6.666665,5.666666
2025-10-18T19:55:56.000Z,No,0.86,25,21.5
2025-10-18T19:56:38.000Z,Yes,0.1559454191,32.0625,5
2025-10-18T19:56:38.000Z,No,0.84,19.0625,16.0125
2025-10-18T19:56:38.000Z,No,0.85,13,11.05
2025-10-18T19:57:22.000Z,No,0.84,19.06,16.0104
2025-10-18T20:17:52.000Z,No,0.85,6.66,5.661
2025-10-18T20:17:52.000Z,Yes,0.15,6.66,0.999
2025-10-18T20:46:10.000Z,Yes,0.14,379,53.06
2025-10-18T20:46:10.000Z,Yes,0.15,193.34,29.001
2025-10-18T20:46:10.000Z,Yes,0.14,93.97,13.1558
2025-10-18T20:47:02.000Z,Yes,0.14,306.03,42.8442
2025-10-18T20:47:50.000Z,Yes,0.14,72.97,10.2158
2025-10-18T22:04:38.000Z,Yes,0.16,6.25,1
2025-10-18T22:04:38.000Z,No,0.84,6.25,5.25
2025-10-18T22:16:42.000Z,No,0.84,12.5,10.5
2025-10-18T22:16:42.000Z,Yes,0.16,12.5,2
2025-10-18T22:22:10.000Z,No,0.87,6,5.22
2025-10-18T22:22:10.000Z,Yes,0.13,6,0.78
2025-10-18T22:24:54.000Z,No,0.8500001125,6.666665,5.666666
2025-10-18T22:24:54.000Z,Yes,0.1499998875,6.666665,0.999999
2025-10-18T22:51:44.000Z,No,0.87,200,174
2025-10-18T22:51:44.000Z,No,0.87,30,26.1
2025-10-18T22:51:44.000Z,Yes,0.13,100,13
2025-10-18T22:51:44.000Z,No,0.87,100,87
2025-10-18T22:51:44.000Z,Yes,0.13,200,26
2025-10-18T22:51:44.000Z,No,0.87,30,26.1
2025-10-18T22:51:44.000Z,Yes,0.13,30,3.9
2025-10-18T22:51:44.000Z,Yes,0.13,25,3.25
2025-10-18T22:51:44.000Z,Yes,0.13,10,1.3
2025-10-18T22:51:44.000Z,No,0.87,200,174
2025-10-18T22:51:44.000Z,No,0.87,25,21.75
2025-10-18T22:51:44.000Z,No,0.87,10,8.7
2025-10-18T22:51:44.000Z,Yes,0.13,30,3.9
2025-10-18T22:51:44.000Z,Yes,0.13,200,26
2025-10-18T22:56:22.000Z,Yes,0.16,6.25,1
2025-10-18T22:56:22.000Z,No,0.84,6.25,5.25
2025-10-18T22:58:48.000Z,Yes,0.16,12.5,2
2025-10-18T22:58:48.000Z,No,0.84,12.5,10.5
2025-10-18T23:36:36.000Z,Yes,0.14,17.5,2.45
2025-10-18T23:36:36.000Z,No,0.86,17.5,15.05
2025-10-18T23:55:10.000Z,Yes,0.14,20,2.8
2025-10-18T23:55:10.000Z,No,0.86,20,17.2
2025-10-19T00:43:16.000Z,Yes,0.16,125,20
2025-10-19T00:43:16.000Z,No,0.84,125,105
2025-10-19T00:45:28.000Z,No,0.86,10,8.6
2025-10-19T01:17:56.000Z,No,0.84,50,42
2025-10-19T01:17:56.000Z,Yes,0.16,50,8
2025-10-19T01:20:12.000Z,Yes,0.16,6.25,1
2025-10-19T01:48:54.000Z,No,0.86,90,77.4
2025-10-19T01:49:20.000Z,No,0.86,50,43
2025-10-19T01:49:20.000Z,Yes,0.14,150,21
2025-10-19T01:49:20.000Z,No,0.86,25,21.5
2025-10-19T01:49:20.000Z,No,0.86,150,129
2025-10-19T01:49:20.000Z,No,0.86,30,25.8
2025-10-19T01:49:20.000Z,Yes,0.14,29.94,4.1916
2025-10-19T02:16:58.000Z,Yes,0.149999976,33.333332,4.999999
2025-10-19T02:16:58.000Z,No,0.850000024,33.333332,28.333333
2025-10-19T02:24:24.000Z,Yes,0.1499999887,66.666665,9.999999
2025-10-19T02:24:24.000Z,No,0.8500000113,66.666665,56.666666
2025-10-19T03:19:37.000Z,No,0.8300001139,5.882351,4.882352
2025-10-19T03:19:37.000Z,Yes,0.1699998861,5.882351,0.999999
2025-10-19T03:27:03.000Z,No,0.84,62.5,52.5
2025-10-19T03:27:03.000Z,Yes,0.16,62.5,10
2025-10-19T03:30:19.000Z,Yes,0.16,62.5,10
2025-10-19T04:19:09.000Z,Yes,0.16,62.5,10
2025-10-19T05:01:17.000Z,No,0.8300000578,11.764704,9.764705
2025-10-19T05:01:17.000Z,Yes,0.1699999422,11.764704,1.999999
2025-10-19T05:02:57.000Z,Yes,0.1699998861,5.882351,0.999999
2025-10-19T05:02:57.000Z,No,0.8300001139,5.882351,4.882352
2025-10-19T05:04:15.000Z,No,0.85,5,4.25
2025-10-19T05:17:25.000Z,No,0.8300000391,17.647057,14.647058
2025-10-19T05:17:25.000Z,Yes,0.1699999609,17.647057,2.999999
2025-10-19T05:37:33.000Z,No,0.83,13.95,11.5785
2025-10-19T05:37:33.000Z,Yes,0.1699999609,17.647057,2.999999
2025-10-19T06:03:23.000Z,Yes,0.1699999858,52.941175,8.999999
2025-10-19T06:08:17.000Z,Yes,0.1699999422,11.764704,1.999999
2025-10-19T07:09:35.000Z,Yes,0.1699999941,117.647057,19.999999
2025-10-19T07:14:29.000Z,Yes,0.1699998861,5.882351,0.999999
2025-10-19T07:26:57.000Z,Yes,0.150000085,1.176466,0.17647
2025-10-19T07:26:57.000Z,No,0.849999915,1.176466,0.999996
2025-10-19T07:28:49.000Z,No,0.849999915,1.176466,0.999996
2025-10-19T07:28:49.000Z,Yes,0.150000085,1.176466,0.17647
2025-10-19T07:29:37.000Z,Yes,0.150000085,1.176466,0.17647
2025-10-19T07:29:37.000Z,No,0.849999915,1.176466,0.999996
2025-10-19T08:19:11.000Z,No,0.85,12,10.2
2025-10-19T08:19:11.000Z,Yes,0.15,12,1.8
2025-10-19T08:19:23.000Z,No,0.85,7,5.95
2025-10-19T08:19:23.000Z,Yes,0.15,7,1.05
2025-10-19T08:20:43.000Z,Yes,0.15,26.04,3.906
2025-10-19T08:20:43.000Z,No,0.85,161,136.85
2025-10-19T08:20:43.000Z,Yes,0.15,70,10.5
2025-10-19T08:20:43.000Z,Yes,0.15,77.46,11.619
2025-10-19T08:20:43.000Z,No,0.85,70,59.5
2025-10-19T08:20:45.000Z,No,0.85,50,42.5
2025-10-19T08:20:45.000Z,Yes,0.15,50,7.5
2025-10-19T08:20:45.000Z,No,0.85,56.32,47.872
2025-10-19T08:20:45.000Z,Yes,0.15,56.32,8.448
2025-10-19T08:57:41.000Z,No,0.84,12.5,10.5
2025-10-19T08:57:41.000Z,Yes,0.16,12.5,2
2025-10-19T08:58:05.000Z,Yes,0.15,10,1.5
2025-10-19T08:58:05.000Z,No,0.85,10,8.5
2025-10-19T08:58:21.000Z,No,0.85,10,8.5
2025-10-19T08:58:21.000Z,Yes,0.15,10,1.5
2025-10-19T09:02:51.000Z,No,0.85,50,42.5
2025-10-19T09:02:51.000Z,Yes,0.15,50,7.5
2025-10-19T09:03:09.000Z,No,0.85,50,42.5
2025-10-19T09:03:09.000Z,Yes,0.15,50,7.5
2025-10-19T09:21:35.000Z,No,0.85,20,17
2025-10-19T09:21:35.000Z,Yes,0.15,7.82,1.173
2025-10-19T09:21:35.000Z,Yes,0.15,7.82,1.173
2025-10-19T09:21:35.000Z,Yes,0.15,20,3
2025-10-19T09:21:35.000Z,No,0.85,54.5,46.325
2025-10-19T09:21:35.000Z,Yes,0.15,42,6.3
2025-10-19T09:21:55.000Z,Yes,0.14,10,1.4
2025-10-19T09:21:55.000Z,No,0.86,10,8.6
2025-10-19T09:21:55.000Z,Yes,0.14,40,5.6
2025-10-19T09:21:55.000Z,No,0.86,40,34.4
2025-10-19T09:22:49.000Z,No,0.87,16.11,14.0157
2025-10-19T09:22:49.000Z,Yes,0.13,16.11,2.0943
2025-10-19T09:22:49.000Z,Yes,0.13,16.11,2.0943
2025-10-19T09:22:49.000Z,Yes,0.13,10,1.3
2025-10-19T09:22:49.000Z,Yes,0.13,10,1.3
2025-10-19T09:22:49.000Z,No,0.87,10,8.7
2025-10-19T09:22:49.000Z,No,0.87,10,8.7
2025-10-19T09:23:01.000Z,Yes,0.13,40,5.2
2025-10-19T09:23:01.000Z,No,0.87,40,34.8
2025-10-19T09:23:03.000Z,Yes,0.13,20,2.6
2025-10-19T09:23:03.000Z,Yes,0.13,23.31,3.0303
2025-10-19T09:23:03.000Z,No,0.87,23.31,20.2797
2025-10-19T09:23:03.000Z,No,0.87,20,17.4
2025-10-19T09:23:49.000Z,Yes,0.13,10,1.3
2025-10-19T09:23:49.000Z,No,0.87,10,8.7
2025-10-19T09:30:27.000Z,No,0.87,50,43.5
2025-10-19T09:30:27.000Z,No,0.87,50,43.5
2025-10-19T09:30:27.000Z,No,0.87,10,8.7
2025-10-19T09:30:27.000Z,No,0.87,40,34.8
2025-10-19T09:30:27.000Z,Yes,0.13,40,5.2
2025-10-19T09:30:27.000Z,Yes,0.13,31.73,4.1249
2025-10-19T09:30:27.000Z,Yes,0.13,10,1.3
2025-10-19T09:30:27.000Z,Yes,0.13,31.73,4.1249
2025-10-19T09:30:27.000Z,No,0.87,10,8.7
2025-10-19T09:30:27.000Z,No,0.87,31.73,27.6051
2025-10-19T09:30:27.000Z,Yes,0.13,10,1.3
2025-10-19T09:30:27.000Z,Yes,0.13,50,6.5
2025-10-19T09:30:27.000Z,Yes,0.13,50,6.5
2025-10-19T09:30:31.000Z,Yes,0.13,30.01,3.9013
2025-10-19T09:30:31.000Z,Yes,0.13,9.99,1.2987
2025-10-19T09:30:31.000Z,No,0.87,40,34.8
2025-10-19T09:30:37.000Z,No,0.87,100,87
2025-10-19T09:30:37.000Z,Yes,0.13,10,1.3
2025-10-19T09:30:37.000Z,Yes,0.13,100,13
2025-10-19T09:30:37.000Z,No,0.87,10,8.7
2025-10-19T09:30:39.000Z,Yes,0.14,10,1.4
2025-10-19T09:30:39.000Z,No,0.86,10,8.6
2025-10-19T09:32:25.000Z,No,0.87,60,52.2
2025-10-19T09:32:25.000Z,Yes,0.13,60,7.8
2025-10-19T09:32:27.000Z,Yes,0.13,150,19.5
2025-10-19T09:32:27.000Z,No,0.87,150,130.5
2025-10-19T09:32:27.000Z,No,0.87,25,21.75
2025-10-19T09:32:27.000Z,Yes,0.13,25,3.25
2025-10-19T09:32:27.000Z,Yes,0.13,108.25,14.0725
2025-10-19T09:32:37.000Z,Yes,0.13,10,1.3
2025-10-19T09:32:37.000Z,No,0.87,10,8.7
2025-10-19T09:32:59.000Z,No,0.86,10,8.6
2025-10-19T09:49:07.000Z,Yes,0.13,90,11.7
2025-10-19T09:49:07.000Z,No,0.87,90,78.3
2025-10-19T09:49:07.000Z,No,0.87,30,26.1
2025-10-19T09:49:07.000Z,Yes,0.13,30,3.9
2025-10-19T09:49:09.000Z,No,0.87,25,21.75
2025-10-19T09:49:09.000Z,No,0.87,621.41,540.6267
2025-10-19T09:49:09.000Z,Yes,0.13,92.75,12.0575
2025-10-19T09:49:09.000Z,Yes,0.13,5,0.65
2025-10-19T09:49:09.000Z,No,0.87,5,4.35
2025-10-19T09:49:09.000Z,Yes,0.13,25,3.25
2025-10-19T09:49:09.000Z,No,0.87,92.75,80.6925
2025-10-19T09:49:09.000Z,Yes,0.13,621.41,80.7833
2025-10-19T09:49:09.000Z,Yes,0.13,50,6.5
2025-10-19T09:49:09.000Z,No,0.87,50,43.5
2025-10-19T09:50:03.000Z,Yes,0.13,50,6.5
2025-10-19T09:50:03.000Z,Yes,0.13,112.6,14.638
2025-10-19T09:50:03.000Z,No,0.87,50,43.5
2025-10-19T09:50:03.000Z,Yes,0.13,47.4,6.162
2025-10-19T09:50:03.000Z,No,0.87,160,139.2
2025-10-19T09:50:31.000Z,Yes,0.13,27,3.51
2025-10-19T09:50:31.000Z,No,0.87,27,23.49
2025-10-19T09:50:37.000Z,No,0.87,16,13.92
2025-10-19T09:50:37.000Z,Yes,0.13,16,2.08
2025-10-19T10:32:31.000Z,Yes,0.1399998824,7.142856,0.999999
2025-10-19T10:32:31.000Z,No,0.8600001176,7.142856,6.142857
2025-10-19T10:47:29.000Z,Yes,0.14,548.25,76.755
2025-10-19T10:47:29.000Z,No,0.86,72.85,62.651
2025-10-19T10:47:29.000Z,No,0.86,135,116.1
2025-10-19T11:41:17.000Z,Yes,0.15,300,45
2025-10-19T11:41:17.000Z,No,0.85,100,85
2025-10-19T12:37:43.000Z,No,0.86,12.5,10.75
2025-10-19T14:15:31.000Z,Yes,0.15,10,1.5
2025-10-19T14:48:55.000Z,Yes,0.149999976,33.333332,4.999999
2025-10-19T14:58:29.000Z,Yes,0.1499998875,6.666665,0.999999
2025-10-19T15:22:35.000Z,Yes,0.1499998875,6.666665,0.999999
2025-10-19T16:41:17.000Z,Yes,0.1499999887,66.666665,9.999999
2025-10-19T16:42:49.000Z,No,0.86,10,8.6
2025-10-19T17:17:41.000Z,Yes,0.15,20,3
2025-10-19T17:28:53.000Z,Yes,0.15,65,9.75
2025-10-19T17:44:51.000Z,Yes,0.1499998875,6.666665,0.999999
2025-10-19T18:10:39.000Z,Yes,0.15,100,15
2025-10-19T18:15:13.000Z,No,0.86,10,8.6
2025-10-19T18:16:01.000Z,Yes,0.16,125,20
2025-10-19T18:37:11.000Z,Yes,0.13,22,2.86
2025-10-19T18:37:11.000Z,No,0.87,22,19.14
2025-10-19T18:37:11.000Z,No,0.868108,50,43.4054
2025-10-19T18:37:11.000Z,Yes,0.13,40.54,5.2702
2025-10-19T18:52:35.000Z,No,0.87,44,38.28
2025-10-19T18:52:35.000Z,Yes,0.13,44,5.72
2025-10-19T19:03:35.000Z,Yes,0.1499999887,66.666665,9.999999
2025-10-19T19:54:23.000Z,Yes,0.13,30,3.9
2025-10-19T19:54:23.000Z,No,0.87,30,26.1
2025-10-19T19:54:23.000Z,Yes,0.13,50,6.5
2025-10-19T19:54:23.000Z,No,0.87,50,43.5
2025-10-19T20:18:27.000Z,Yes,0.1399998824,7.142856,0.999999
2025-10-19T20:43:17.000Z,Yes,0.1399998824,7.142856,0.999999
2025-10-19T21:30:13.000Z,Yes,0.14,100,14
2025-10-19T21:35:33.000Z,Yes,0.1399999426,14.285713,1.999999
2025-10-19T21:47:59.000Z,Yes,0.13,13.46,1.7498
2025-10-19T21:47:59.000Z,Yes,0.13,86.54,11.2502
2025-10-19T22:06:53.000Z,Yes,0.13,50,6.5
2025-10-19T22:06:53.000Z,No,0.87,50,43.5
2025-10-19T22:07:05.000Z,Yes,0.13,50,6.5
2025-10-19T22:07:05.000Z,No,0.87,50,43.5
2025-10-19T22:07:43.000Z,Yes,0.13,50,6.5
2025-10-19T22:10:21.000Z,Yes,0.14,49.5,6.93
2025-10-19T22:32:45.000Z,Yes,0.1399998824,7.142856,0.999999
2025-10-19T22:42:38.000Z,Yes,0.1399998824,7.142856,0.999999
2025-10-19T22:44:52.000Z,Yes,0.1300000087,1.149423,0.149425
2025-10-19T22:44:52.000Z,No,0.8699999913,1.149423,0.999998
2025-10-19T23:25:14.000Z,Yes,0.1399998824,7.142856,0.999999
2025-10-20T00:16:27.000Z,Yes,0.1399999948,142.857141,19.999999
2025-10-20T00:17:37.000Z,Yes,0.1300000017,11.494246,1.494252
2025-10-20T00:17:37.000Z,No,0.8699999983,11.494246,9.999994
2025-10-20T02:03:01.000Z,Yes,0.1399999911,85.714284,11.999999
2025-10-20T02:05:01.000Z,Yes,0.13,155.07,20.1591
2025-10-20T02:07:57.000Z,Yes,0.1399998824,7.142856,0.999999
2025-10-20T02:08:49.000Z,Yes,0.13,62.5,8.125
2025-10-20T02:27:49.000Z,Yes,0.1536702131,650.418822,99.949999
2025-10-20T02:27:49.000Z,No,0.84,200.1,168.084
2025-10-20T02:34:55.000Z,No,0.8599998711,4.034882,3.469998
2025-10-20T02:44:43.000Z,Yes,0.1699999941,117.647057,19.999999
2025-10-20T02:49:11.000Z,Yes,0.1699999422,11.764704,1.999999
2025-10-20T04:08:41.000Z,No,0.85,10,8.5
2025-10-20T04:08:41.000Z,Yes,0.15,100,15
2025-10-20T05:31:47.000Z,Yes,0.1499998875,6.666665,0.999999
2025-10-20T07:00:15.000Z,No,0.86,17.33,14.9038
2025-10-20T07:02:55.000Z,No,0.85000006,13.333332,11.333333
2025-10-20T07:02:55.000Z,Yes,0.14999994,13.333332,1.999999
2025-10-20T07:03:05.000Z,No,0.8599998187,4.965115,4.269998
2025-10-20T07:05:47.000Z,No,0.85,32.66,27.761
2025-10-20T07:05:47.000Z,Yes,0.149999994,133.333332,19.999999
2025-10-20T07:05:57.000Z,No,0.8599998187,4.965115,4.269998
2025-10-20T07:09:59.000Z,No,0.86,82,70.52
2025-10-20T07:10:01.000Z,No,0.86,8.96,7.7056
2025-10-20T07:14:15.000Z,No,0.8641646479,156.220223,134.999994
2025-10-20T07:14:15.000Z,Yes,0.1300000002,65.060223,8.457829
2025-10-20T07:14:25.000Z,No,0.84,110,92.4
2025-10-20T07:31:59.000Z,Yes,0.130000001,71.264361,9.264367
2025-10-20T07:31:59.000Z,No,0.869999999,71.264361,61.999994
2025-10-20T07:32:03.000Z,No,0.84,71.26,59.8584
2025-10-20T07:40:47.000Z,No,0.859999656,2.32558,1.999998
2025-10-20T07:44:45.000Z,No,0.86,9.07,7.8002
2025-10-20T07:44:45.000Z,No,0.86,42,36.12
2025-10-20T07:50:07.000Z,No,0.86,10,8.6
2025-10-20T09:14:29.000Z,No,0.84,200.1,168.084
2025-10-20T09:14:29.000Z,No,0.84,10,8.4
2025-10-20T09:14:29.000Z,No,0.84,10,8.4
2025-10-20T09:14:29.000Z,No,0.84,169,141.96
2025-10-20T09:14:29.000Z,No,0.8300000101,66.342351,55.064152
2025-10-20T09:14:29.000Z,Yes,0.1617884278,1236.182351,199.999999
2025-10-20T09:26:29.000Z,Yes,0.1699998861,5.882351,0.999999
2025-10-20T09:26:29.000Z,No,0.8300001139,5.882351,4.882352
2025-10-20T10:21:37.000Z,Yes,0.1699998861,5.882351,0.999999
2025-10-20T10:21:37.000Z,No,0.8300001139,5.882351,4.882352
2025-10-20T10:42:51.000Z,No,0.86,5,4.3
2025-10-20T11:17:13.000Z,No,0.86,9.99,8.5914
2025-10-20T12:25:33.000Z,No,0.86,5,4.3
2025-10-20T12:46:05.000Z,No,0.86,100,86
2025-10-20T12:46:05.000Z,No,0.86,116.09,99.8374
2025-10-20T12:46:05.000Z,Yes,0.14,10,1.4
2025-10-20T12:46:05.000Z,No,0.86,10,8.6
2025-10-20T12:46:05.000Z,No,0.86,50,43
2025-10-20T12:46:29.000Z,Yes,0.13,5,0.65
2025-10-20T12:46:29.000Z,Yes,0.13,10,1.3
2025-10-20T12:46:29.000Z,No,0.87,10,8.7
2025-10-20T12:46:31.000Z,No,0.87,100,87
2025-10-20T12:46:31.000Z,Yes,0.13,85,11.05
2025-10-20T12:46:31.000Z,No,0.88,50,44
2025-10-20T12:46:31.000Z,No,0.88,50,44
2025-10-20T12:46:35.000Z,Yes,0.1299999467,15.384614,1.999999
2025-10-20T12:46:35.000Z,No,0.8700000533,15.384614,13.384615
2025-10-20T12:46:39.000Z,No,0.88,35,30.8
2025-10-20T12:46:39.000Z,No,0.88,300,264
2025-10-20T12:46:39.000Z,Yes,0.12,35,4.2
2025-10-20T12:46:39.000Z,Yes,0.12,165.03,19.8036
2025-10-20T12:46:39.000Z,No,0.88,10,8.8
2025-10-20T12:46:47.000Z,No,0.88,9.93,8.7384
2025-10-20T12:46:55.000Z,No,0.89,138,122.82
2025-10-20T12:46:55.000Z,No,0.89,25,22.25
2025-10-20T12:46:55.000Z,Yes,0.11,50.42,5.5462
2025-10-20T12:47:01.000Z,Yes,0.11,10,1.1
2025-10-20T12:47:01.000Z,No,0.89,10,8.9
2025-10-20T12:47:01.000Z,No,0.89,10,8.9
2025-10-20T12:47:01.000Z,Yes,0.11,10,1.1
2025-10-20T12:47:05.000Z,Yes,0.11,41,4.51
2025-10-20T12:47:05.000Z,No,0.89,25,22.25
2025-10-20T12:47:05.000Z,Yes,0.11,25,2.75
2025-10-20T12:47:05.000Z,No,0.89,49,43.61
2025-10-20T12:47:05.000Z,No,0.89,41,36.49
2025-10-20T12:47:05.000Z,Yes,0.11,5,0.55
2025-10-20T12:47:05.000Z,Yes,0.11,49,5.39
2025-10-20T12:47:25.000Z,No,0.86,10,8.6
2025-10-20T12:47:25.000Z,No,0.86,100,86
2025-10-20T12:47:25.000Z,No,0.86,6,5.16
2025-10-20T12:47:25.000Z,Yes,0.14,146,20.44
2025-10-20T12:47:25.000Z,Yes,0.14,20,2.8
2025-10-20T12:47:25.000Z,No,0.86,26,22.36
2025-10-20T12:47:25.000Z,Yes,0.14,6,0.84
2025-10-20T12:47:25.000Z,No,0.86,10,8.6
2025-10-20T12:47:35.000Z,No,0.88,7,6.16
2025-10-20T12:47:49.000Z,No,0.88,35,30.8
2025-10-20T12:47:49.000Z,No,0.88,10,8.8
2025-10-20T12:47:49.000Z,No,0.88,11,9.68
2025-10-20T12:47:51.000Z,No,0.88,10,8.8
2025-10-20T12:48:01.000Z,No,0.88,10,8.8
2025-10-20T12:48:01.000Z,No,0.88,14,12.32
2025-10-20T12:48:25.000Z,No,0.88,28.98,25.5024
2025-10-20T12:48:45.000Z,Yes,0.11,16.58,1.8238
2025-10-20T12:48:45.000Z,Yes,0.11,10,1.1
2025-10-20T12:48:45.000Z,No,0.89,10,8.9
2025-10-20T12:48:45.000Z,No,0.8979530864,81,72.7342
2025-10-20T12:48:45.000Z,Yes,0.11,5,0.55
2025-10-20T12:49:59.000Z,No,0.9,7.11111,6.399999
2025-10-20T12:50:43.000Z,No,0.9,10,9
2025-10-20T12:50:43.000Z,No,0.9,13,11.7
2025-10-20T12:50:43.000Z,No,0.9,36,32.4
2025-10-20T12:51:05.000Z,No,0.92,10,9.2
2025-10-20T12:51:05.000Z,Yes,0.08,10,0.8
2025-10-20T12:51:05.000Z,No,0.9,54.46,49.014
2025-10-20T12:51:05.000Z,No,0.9,10,9
2025-10-20T12:52:01.000Z,No,0.92,10,9.2
2025-10-20T12:52:01.000Z,Yes,0.08,10,0.8
2025-10-20T12:52:03.000Z,Yes,0.08,10,0.8
2025-10-20T12:52:03.000Z,No,0.92,10,9.2
2025-10-20T12:52:03.000Z,Yes,0.08,95,7.6
2025-10-20T12:52:03.000Z,No,0.92,95,87.4
2025-10-20T12:52:41.000Z,No,0.9491666667,120,113.9
2025-10-20T12:52:41.000Z,Yes,0.06,10,0.6
2025-10-20T12:52:41.000Z,Yes,0.05,110,5.5
2025-10-20T12:56:49.000Z,No,0.95,45.91,43.6145
2025-10-20T12:56:49.000Z,Yes,0.05,45.91,2.2955
2025-10-20T12:57:07.000Z,Yes,0.05,10,0.5
2025-10-20T12:57:07.000Z,No,0.95,10,9.5
2025-10-20T12:57:09.000Z,Yes,0.05,10,0.5
2025-10-20T12:57:09.000Z,No,0.95,10,9.5
2025-10-20T12:57:13.000Z,No,0.95,92,87.4
2025-10-20T12:57:13.000Z,Yes,0.05,92,4.6
2025-10-20T12:57:17.000Z,No,0.95,8.09,7.6855
2025-10-20T12:57:17.000Z,Yes,0.05,8.09,0.4045
2025-10-20T12:57:19.000Z,No,0.95,10,9.5
2025-10-20T12:57:19.000Z,Yes,0.05,10,0.5
2025-10-20T12:57:23.000Z,Yes,0.05,82,4.1
2025-10-20T12:57:23.000Z,No,0.95,10,9.5
2025-10-20T12:57:23.000Z,Yes,0.05,10,0.5
2025-10-20T12:57:23.000Z,No,0.95,82,77.9
2025-10-20T12:57:41.000Z,Yes,0.05,10,0.5
2025-10-20T12:57:41.000Z,No,0.95,10,9.5
2025-10-20T12:57:43.000Z,No,0.95,50,47.5
2025-10-20T12:57:43.000Z,Yes,0.05,10,0.5
2025-10-20T12:57:43.000Z,No,0.95,10,9.5
2025-10-20T12:57:43.000Z,Yes,0.05,31,1.55
2025-10-20T12:57:43.000Z,Yes,0.05,50,2.5
2025-10-20T12:57:43.000Z,No,0.95,31,29.45
2025-10-20T12:57:49.000Z,No,0.95,10,9.5
2025-10-20T12:57:49.000Z,Yes,0.05,10,0.5
2025-10-20T12:57:57.000Z,No,0.95,15,14.25
2025-10-20T12:57:57.000Z,Yes,0.05,10,0.5
2025-10-20T12:57:57.000Z,No,0.95,10,9.5
2025-10-20T12:57:57.000Z,Yes,0.05,5,0.25
2025-10-20T12:57:57.000Z,Yes,0.05,15,0.75
2025-10-20T12:58:41.000Z,Yes,0.05,10,0.5
2025-10-20T12:58:41.000Z,No,0.95,21,19.95
2025-10-20T12:58:41.000Z,No,0.95,10,9.5
2025-10-20T12:58:41.000Z,Yes,0.05,21,1.05
2025-10-20T12:58:41.000Z,Yes,0.05,5,0.25
2025-10-20T12:59:07.000Z,No,0.99,52.14,51.6186
2025-10-20T12:59:07.000Z,Yes,0.01,52.14,0.5214
2025-10-20T12:59:13.000Z,Yes,0.01,50,0.5
2025-10-20T12:59:13.000Z,No,0.99,50,49.5
2025-10-20T12:59:35.000Z,No,0.99,10,9.9
2025-10-20T12:59:35.000Z,Yes,0.01,5,0.05
2025-10-20T12:59:35.000Z,No,0.99,50,49.5
2025-10-20T12:59:35.000Z,Yes,0.01,59.38,0.5938
2025-10-20T12:59:35.000Z,No,0.99,6.24,6.1776
2025-10-20T12:59:35.000Z,Yes,0.01,6.24,0.0624
2025-10-20T12:59:35.000Z,Yes,0.01,10,0.1
2025-10-20T12:59:35.000Z,Yes,0.01,76.62,0.7662
2025-10-20T12:59:35.000Z,No,0.99,136,134.64
2025-10-20T12:59:35.000Z,Yes,0.01,50,0.5
2025-10-20T12:59:53.000Z,Yes,0.01,75.62,0.7562
2025-10-20T12:59:53.000Z,No,0.99,50,49.5
2025-10-20T12:59:53.000Z,Yes,0.01,5,0.05
2025-10-20T12:59:53.000Z,No,0.99,10,9.9
2025-10-20T12:59:53.000Z,Yes,0.01,10,0.1
2025-10-20T12:59:53.000Z,No,0.99,75.62,74.8638
2025-10-20T12:59:53.000Z,Yes,0.01,50,0.5
2025-10-20T13:01:03.000Z,No,0.998,5,4.99
2025-10-20T13:01:03.000Z,Yes,0.002,5,0.01
2025-10-20T13:01:23.000Z,No,0.998,73.66,73.51268
2025-10-20T13:01:23.000Z,Yes,0.002,7.69,0.01538
2025-10-20T13:01:23.000Z,Yes,0.002,73.66,0.14732
2025-10-20T13:01:23.000Z,No,0.998,7.69,7.67462
2025-10-20T13:01:55.000Z,No,0.99,53,52.47
2025-10-20T13:01:55.000Z,No,0.95,13.857,13.16415
2025-10-20T13:01:55.000Z,Yes,0.01736080971,403.207,7
2025-10-20T13:03:05.000Z,No,0.9987287805,41,40.94788
2025-10-20T13:03:05.000Z,Yes,0.002,2.53,0.00506
2025-10-20T13:03:05.000Z,Yes,0.002,11.12,0.02224
2025-10-20T13:03:05.000Z,Yes,0.001,29.88,0.02988
2025-10-20T13:03:27.000Z,Yes,0.002,5,0.01
2025-10-20T13:03:29.000Z,No,0.998,5,4.99
2025-10-20T13:03:29.000Z,Yes,0.002,5,0.01
2025-10-20T13:04:49.000Z,No,0.998,10,9.98
2025-10-20T13:04:49.000Z,No,0.998,40,39.92
2025-10-20T13:04:49.000Z,Yes,0.002,10,0.02
2025-10-20T13:04:49.000Z,Yes,0.002,40,0.08
2025-10-20T13:04:53.000Z,Yes,0.002,10,0.02
2025-10-20T13:04:53.000Z,No,0.998,10,9.98
2025-10-20T13:04:53.000Z,No,0.998,10,9.98
2025-10-20T13:04:53.000Z,Yes,0.002,10,0.02
2025-10-20T13:05:27.000Z,Yes,0.002,5,0.01
2025-10-20T13:05:45.000Z,Yes,0.001,75.57,0.07557
2025-10-20T13:05:45.000Z,No,0.9989824493,76.92,76.84173
2025-10-20T13:05:45.000Z,Yes,0.002,1.35,0.0027
2025-10-20T13:07:17.000Z,No,0.999,10,9.99
2025-10-20T13:07:17.000Z,Yes,0.001,10,0.01
2025-10-20T13:09:33.000Z,Yes,0.003,5,0.015
2025-10-20T13:09:33.000Z,Yes,0.003,25.005,0.075015
2025-10-20T13:09:33.000Z,No,0.997,25.005,24.929985
2025-10-20T13:17:15.000Z,Yes,0.01,100,1
2025-10-20T13:20:05.000Z,No,0.989,10,9.89
2025-10-20T13:20:05.000Z,Yes,0.011,10,0.11
2025-10-20T13:24:39.000Z,No,0.982,200,196.4
2025-10-20T13:24:39.000Z,No,0.98,200,196
2025-10-20T13:24:39.000Z,No,0.98,223,218.54
2025-10-20T13:24:39.000Z,Yes,0.01915535445,663,12.7
2025-10-20T13:31:05.000Z,No,0.95,290.7536,276.21592
2025-10-20T13:31:05.000Z,Yes,0.03678835914,818.1936,30.1
2025-10-20T13:31:05.000Z,No,0.97,402,389.94
2025-10-20T13:35:03.000Z,Yes,0.04,15.1,0.604
2025-10-20T13:39:45.000Z,No,0.9779999962,4.171772,4.079993
2025-10-20T13:39:45.000Z,Yes,0.02200000384,4.171772,0.091779
2025-10-20T13:41:03.000Z,Yes,0.022,263.82,5.80404
2025-10-20T13:41:03.000Z,Yes,0.021,139.38,2.92698
2025-10-20T13:51:11.000Z,Yes,0.025,5.88,0.147
2025-10-20T13:52:51.000Z,Yes,0.05577877571,358.559322,20
2025-10-20T13:52:51.000Z,No,0.942,30,28.26
2025-10-20T13:56:39.000Z,Yes,0.029,10,0.29
2025-10-20T13:56:39.000Z,Yes,0.029,36.29,1.05241
2025-10-20T13:56:39.000Z,No,0.971,36.29,35.23759
2025-10-20T13:56:39.000Z,No,0.971,10,9.71
2025-10-20T13:56:57.000Z,No,0.971,10,9.71
2025-10-20T13:56:57.000Z,Yes,0.029,10,0.29
2025-10-20T13:57:21.000Z,No,0.96,10,9.6
2025-10-20T13:57:21.000Z,No,0.96,13.49,12.9504
2025-10-20T13:57:21.000Z,Yes,0.04,10,0.4
2025-10-20T13:57:21.000Z,Yes,0.04,13.49,0.5396
2025-10-20T13:57:25.000Z,Yes,0.04,2.51,0.1004
2025-10-20T13:57:39.000Z,Yes,0.04,28.04,1.1216
2025-10-20T13:57:39.000Z,No,0.96,28.04,26.9184
2025-10-20T13:58:49.000Z,No,0.959,10,9.59
2025-10-20T13:58:49.000Z,Yes,0.041,10,0.41
2025-10-20T13:58:49.000Z,Yes,0.041,10,0.41
2025-10-20T13:59:03.000Z,Yes,0.041,56.29,2.30789
2025-10-20T13:59:37.000Z,No,0.957,10,9.57
2025-10-20T13:59:39.000Z,No,0.957,10,9.57
2025-10-20T14:05:39.000Z,No,0.958,10,9.58
2025-10-20T14:05:39.000Z,Yes,0.042,10,0.42
2025-10-20T14:05:55.000Z,Yes,0.041,50,2.05
2025-10-20T14:06:15.000Z,No,0.959,6.67,6.39653
2025-10-20T14:06:15.000Z,No,0.959,7.8,7.4802
2025-10-20T14:06:15.000Z,Yes,0.041,7.8,0.3198
2025-10-20T14:06:15.000Z,Yes,0.041,6.67,0.27347
2025-10-20T14:06:21.000Z,No,0.959,8.82,8.45838
2025-10-20T14:06:21.000Z,Yes,0.041,8.82,0.36162
2025-10-20T14:06:43.000Z,Yes,0.041,50,2.05
2025-10-20T14:17:17.000Z,Yes,0.041,10,0.41
2025-10-20T14:17:17.000Z,No,0.959,10,9.59
2025-10-20T14:17:57.000Z,No,0.94,490.57,461.1358
2025-10-20T14:17:57.000Z,Yes,0.05988390991,555,33.23557
2025-10-20T14:26:27.000Z,Yes,0.043,125,5.375
2025-10-20T15:25:59.000Z,Yes,0.1179998997,8.474575,0.999999
2025-10-20T15:25:59.000Z,No,0.8820001003,8.474575,7.474576
2025-10-20T16:11:01.000Z,No,0.933,10,9.33
2025-10-20T16:11:01.000Z,Yes,0.067,10,0.67
2025-10-20T16:14:09.000Z,Yes,0.068,200,13.6
2025-10-20T16:14:55.000Z,No,0.93,100,93
2025-10-20T16:14:55.000Z,Yes,0.07,100,7
2025-10-20T17:21:55.000Z,No,0.9300000312,28.571427,26.571428
2025-10-20T17:21:55.000Z,Yes,0.06999996885,28.571427,1.999999
2025-10-20T18:27:25.000Z,Yes,0.06999996885,28.571427,1.999999
2025-10-20T18:27:25.000Z,No,0.9300000312,28.571427,26.571428
2025-10-20T18:47:53.000Z,Yes,0.06999999391,142.857141,9.999999
2025-10-20T18:47:53.000Z,No,0.9300000061,142.857141,132.857142
2025-10-20T18:49:05.000Z,Yes,0.07,94.56,6.6192
2025-10-20T18:49:05.000Z,No,0.93,94.56,87.9408
2025-10-20T18:54:35.000Z,Yes,0.079,15,1.185
2025-10-20T19:09:17.000Z,No,0.9220000669,12.820511,11.820512
2025-10-20T19:09:17.000Z,Yes,0.07799993308,12.820511,0.999999
2025-10-20T20:35:55.000Z,Yes,0.08,12.5,1
2025-10-20T20:35:55.000Z,No,0.92,12.5,11.5
2025-10-20T20:46:35.000Z,Yes,0.077,50,3.85
2025-10-20T21:16:23.000Z,No,0.926,10,9.26
2025-10-20T21:29:01.000Z,Yes,0.074,10,0.74
2025-10-20T21:29:01.000Z,Yes,0.074,10,0.74
2025-10-20T21:29:01.000Z,No,0.926,10,9.26
2025-10-20T21:29:01.000Z,No,0.926,10,9.26
2025-10-20T21:35:39.000Z,Yes,0.08,25,2
2025-10-20T21:35:39.000Z,No,0.92,25,23
2025-10-20T21:38:51.000Z,Yes,0.074,10,0.74
2025-10-20T21:38:51.000Z,No,0.926,10,9.26
2025-10-20T21:45:37.000Z,Yes,0.077,10,0.77
2025-10-20T21:48:55.000Z,Yes,0.08,37.5,3
2025-10-20T21:48:55.000Z,No,0.92,37.5,34.5
2025-10-20T22:08:03.000Z,Yes,0.08,12.5,1
2025-10-20T22:08:03.000Z,No,0.92,12.5,11.5
2025-10-20T22:11:37.000Z,Yes,0.07699997821,38.961037,2.999999
2025-10-20T22:11:37.000Z,No,0.9230000218,38.961037,35.961038
2025-10-20T22:14:53.000Z,No,0.921,61.04,56.21784
2025-10-20T22:14:53.000Z,No,0.92,128.5,118.22
2025-10-20T22:14:53.000Z,Yes,0.07971445012,213.763,17.04
2025-10-20T22:51:37.000Z,No,0.915000015,58.823528,53.823529
2025-10-20T22:51:37.000Z,Yes,0.08499998504,58.823528,4.999999
2025-10-20T23:03:39.000Z,No,0.913,30,27.39
2025-10-20T23:03:39.000Z,Yes,0.08712868682,34.431817,2.999999
2025-10-20T23:05:35.000Z,Yes,0.08799998522,56.81818,4.999999
2025-10-20T23:36:49.000Z,No,0.915,37.38,34.2027
2025-10-20T23:36:49.000Z,Yes,0.08499998504,58.823528,4.999999
2025-10-21T00:01:56.000Z,Yes,0.08799992256,11.363635,0.999999
2025-10-21T00:29:44.000Z,Yes,0.08799992256,11.363635,0.999999
2025-10-21T00:52:54.000Z,Yes,0.08799998522,56.81818,4.999999
2025-10-21T01:23:20.000Z,Yes,0.08799992256,11.363635,0.999999
2025-10-21T01:27:16.000Z,Yes,0.08799999388,135.909089,11.959999
2025-10-21T01:39:24.000Z,Yes,0.088,12,1.056
2025-10-21T01:55:24.000Z,No,0.9050000382,22.756946,20.595037
2025-10-21T01:55:24.000Z,Yes,0.08979969199,1391.986946,124.999999
2025-10-21T01:55:24.000Z,No,0.91,252,229.32
2025-10-21T02:04:22.000Z,No,0.895,61.44,54.9888
2025-10-21T02:04:22.000Z,No,0.896,100,89.6
2025-10-21T02:04:22.000Z,Yes,0.09772864865,555,54.2394
2025-10-21T02:04:22.000Z,No,0.905,193.24,174.8822
2025-10-21T02:13:10.000Z,No,0.902,40,36.08
2025-10-21T02:13:10.000Z,Yes,0.098,40,3.92
2025-10-21T03:03:54.000Z,Yes,0.097,10,0.97
2025-10-21T03:45:38.000Z,Yes,0.09399997343,31.914892,2.999999
2025-10-21T04:29:20.000Z,No,0.9159997994,4.366811,3.999998
2025-10-21T05:24:36.000Z,No,0.9169999965,4.591048,4.209991
2025-10-21T05:24:36.000Z,Yes,0.08300000349,4.591048,0.381057
2025-10-21T05:43:58.000Z,Yes,0.094,15,1.41
2025-10-21T06:49:54.000Z,Yes,0.08300000183,1.090506,0.090512
2025-10-21T06:49:54.000Z,No,0.9169999982,1.090506,0.999994
2025-10-21T06:50:22.000Z,Yes,0.09299998462,53.763439,4.999999
2025-10-21T07:12:28.000Z,Yes,0.095,20,1.9
2025-10-21T07:25:06.000Z,Yes,0.097,213.79,20.73763
2025-10-21T07:25:06.000Z,No,0.903,6,5.418
2025-10-21T07:40:52.000Z,Yes,0.091,56.81,5.16971
2025-10-21T07:44:14.000Z,Yes,0.091,100,9.1
2025-10-21T07:44:14.000Z,Yes,0.09,13.0989,1.178901
2025-10-21T07:44:14.000Z,No,0.9091158181,113.0989,102.819999
2025-10-21T07:44:22.000Z,No,0.903,12.98,11.72094
2025-10-21T07:45:26.000Z,No,0.9094600368,185.1978,168.429998
2025-10-21T07:45:26.000Z,Yes,0.09,85.1978,7.667802
2025-10-21T07:45:26.000Z,Yes,0.091,100,9.1
2025-10-21T09:20:36.000Z,Yes,0.098,100,9.8
2025-10-21T09:26:04.000Z,Yes,0.09799999147,102.040815,9.999999
2025-10-21T09:27:14.000Z,Yes,0.096,10,0.96
2025-10-21T09:27:14.000Z,Yes,0.09,41,3.69
2025-10-21T11:19:01.000Z,Yes,0.09799991768,10.20408,0.999999
2025-10-21T11:20:31.000Z,Yes,0.091,10,0.91
2025-10-21T11:30:55.000Z,No,0.891,10,8.91
2025-10-21T11:30:55.000Z,No,0.886,200.1,177.2886
2025-10-21T11:30:55.000Z,No,0.874,100,87.4
2025-10-21T11:30:55.000Z,Yes,0.1230298191,2438.433229,299.999999
2025-10-21T11:30:55.000Z,No,0.873,296.94,259.22862
2025-10-21T12:33:49.000Z,Yes,0.1299998986,7.692306,0.999999
2025-10-21T13:30:47.000Z,No,0.8780000489,16.393441,14.393442
2025-10-21T13:30:47.000Z,Yes,0.1219999511,16.393441,1.999999
2025-10-21T13:32:43.000Z,No,0.8970000014,2.787068,2.5
2025-10-21T14:41:39.000Z,Yes,0.13,30,3.9
2025-10-21T15:18:05.000Z,No,0.8860000903,8.771928,7.771929
2025-10-21T15:18:05.000Z,Yes,0.1139999097,8.771928,0.999999
2025-10-21T15:18:43.000Z,Yes,0.1149999908,86.95652,9.999999
2025-10-21T15:18:43.000Z,No,0.885,30,26.55
2025-10-21T15:18:53.000Z,No,0.8860000903,8.771928,7.771929
2025-10-21T15:18:53.000Z,Yes,0.1139999097,8.771928,0.999999
2025-10-21T15:19:01.000Z,Yes,0.107,47.5,5.0825
2025-10-21T17:10:09.000Z,Yes,0.1189999,8.40336,0.999999
2025-10-21T17:10:17.000Z,Yes,0.1189999,8.40336,0.999999
2025-10-21T17:53:33.000Z,Yes,0.1189999525,16.806721,1.999999
2025-10-21T18:19:19.000Z,No,0.88,216,190.08
2025-10-21T18:19:19.000Z,No,0.881,35.06,30.88786
2025-10-21T18:30:55.000Z,No,0.875,16,14
2025-10-21T18:30:55.000Z,Yes,0.125,16,2
2025-10-21T18:41:11.000Z,Yes,0.1266096086,394.914727,49.999999
2025-10-21T18:41:11.000Z,No,0.875,236,206.5
2025-10-21T18:54:13.000Z,Yes,0.126,10,1.26
2025-10-21T18:54:13.000Z,Yes,0.126,10,1.26
2025-10-21T18:54:13.000Z,No,0.874,10,8.74
2025-10-21T18:54:13.000Z,No,0.874,10,8.74
2025-10-21T18:55:13.000Z,Yes,0.126,10,1.26
2025-10-21T18:55:13.000Z,No,0.874,10,8.74
2025-10-21T18:55:35.000Z,Yes,0.126,12.5,1.575
2025-10-21T18:55:35.000Z,No,0.874,62.5,54.625
2025-10-21T18:55:35.000Z,Yes,0.126,50,6.3
2025-10-21T18:57:07.000Z,No,0.874,7.21,6.30154
2025-10-21T18:57:15.000Z,Yes,0.12,20,2.4
2025-10-21T18:57:15.000Z,No,0.88,20,17.6
2025-10-21T18:57:17.000Z,No,0.88,10,8.8
2025-10-21T18:57:17.000Z,Yes,0.12,10,1.2
2025-10-21T18:57:17.000Z,No,0.88,20.29,17.8552
2025-10-21T18:57:17.000Z,Yes,0.12,20.29,2.4348
2025-10-21T19:12:41.000Z,Yes,0.118,47,5.546
2025-10-21T19:12:41.000Z,Yes,0.118,120,14.16
2025-10-21T19:12:41.000Z,Yes,0.118,22.2,2.6196
2025-10-21T19:12:41.000Z,Yes,0.118,10,1.18
2025-10-21T19:12:41.000Z,Yes,0.118,77.8,9.1804
2025-10-21T19:12:41.000Z,No,0.882,120,105.84
2025-10-21T19:12:41.000Z,No,0.882,122,107.604
2025-10-21T19:12:41.000Z,Yes,0.118,52.8,6.2304
2025-10-21T19:12:41.000Z,No,0.882,10,8.82
2025-10-21T19:12:41.000Z,No,0.882,77.8,68.6196
2025-10-21T19:20:59.000Z,Yes,0.1209999055,8.264461,0.999999
2025-10-21T19:29:59.000Z,Yes,0.1179999951,169.491524,19.999999
2025-10-21T21:28:45.000Z,Yes,0.128999904,7.751936,0.999999
2025-10-21T21:28:45.000Z,No,0.871000096,7.751936,6.751937
2025-10-21T21:53:51.000Z,No,0.8700000426,17.846152,15.526153
2025-10-21T21:53:51.000Z,No,0.88,29,25.52
2025-10-21T21:53:51.000Z,Yes,0.1255842911,246.846152,30.999999
2025-10-21T21:54:09.000Z,No,0.864,200.1,172.8864
2025-10-21T21:54:09.000Z,No,0.87,252.15,219.3705
2025-10-21T21:54:09.000Z,Yes,0.1346294977,772.490433,103.999999
2025-10-21T22:01:13.000Z,Yes,0.12,40.34,4.8408
2025-10-21T22:19:21.000Z,No,0.868,100,86.8
2025-10-21T22:19:21.000Z,Yes,0.1320618581,378.610446,49.999999
2025-10-21T22:19:21.000Z,No,0.8660000225,34.010446,29.453047
2025-10-21T22:28:37.000Z,No,0.8520000125,62.669458,53.394379
2025-10-21T22:28:37.000Z,Yes,0.1420721363,1759.669458,249.999999
2025-10-21T22:35:17.000Z,Yes,0.137,45.7,6.2609
2025-10-21T22:35:17.000Z,Yes,0.135,473.29,63.89415
2025-10-21T22:35:17.000Z,Yes,0.136,16.6,2.2576
2025-10-21T22:35:17.000Z,Yes,0.138,45.5,6.279
2025-10-21T22:36:43.000Z,No,0.865,20,17.3
2025-10-21T22:36:43.000Z,Yes,0.135,20,2.7
2025-10-21T22:36:45.000Z,No,0.865,15.92,13.7708
2025-10-21T22:36:45.000Z,Yes,0.135,15.92,2.1492
2025-10-21T22:42:31.000Z,Yes,0.135,80.61,10.88235
2025-10-21T22:42:31.000Z,No,0.8649999958,25.005777,21.629997
2025-10-21T22:42:31.000Z,Yes,0.136,127.35,17.3196
2025-10-21T22:42:31.000Z,No,0.8643876226,207.96,179.75805
2025-10-21T22:42:31.000Z,Yes,0.1350000042,25.005777,3.37578
2025-10-21T22:42:33.000Z,Yes,0.136,83,11.288
2025-10-21T22:42:33.000Z,Yes,0.135,30,4.05
2025-10-21T22:42:33.000Z,Yes,0.136,10,1.36
2025-10-21T22:42:33.000Z,No,0.864,10,8.64
2025-10-21T22:42:33.000Z,Yes,0.136,7.65,1.0404
2025-10-21T22:42:33.000Z,No,0.864,83,71.712
2025-10-21T22:42:33.000Z,No,0.865,30,25.95
2025-10-21T23:02:58.000Z,No,0.87,100,87
2025-10-21T23:09:42.000Z,Yes,0.1299999789,38.461537,4.999999
2025-10-21T23:09:42.000Z,No,0.8700000211,38.461537,33.461538
2025-10-21T23:16:12.000Z,No,0.863,30,25.89
2025-10-21T23:16:12.000Z,Yes,0.1385041551,72.2,10
2025-10-21T23:16:12.000Z,No,0.86,23.8,20.468
2025-10-21T23:24:40.000Z,No,0.875,5,4.375
2025-10-21T23:40:08.000Z,Yes,0.1369999777,36.496349,4.999999
2025-10-22T00:55:01.000Z,Yes,0.1399999426,14.285713,1.999999
2025-10-22T00:55:01.000Z,No,0.8600001226,6.685713,5.749714
2025-10-22T01:16:37.000Z,No,0.86,31,26.66
2025-10-22T01:16:37.000Z,Yes,0.1428996998,69.839188,9.979999
2025-10-22T03:44:18.000Z,No,0.852,10,8.52
2025-10-22T03:44:18.000Z,Yes,0.148,10,1.48
2025-10-22T06:27:20.000Z,Yes,0.1459998768,6.849314,0.999999
2025-10-22T07:37:32.000Z,Yes,0.1499998875,6.666665,0.999999
2025-10-22T10:58:42.000Z,Yes,0.131,206.58,27.06198
2025-10-22T10:58:42.000Z,Yes,0.143,43.9,6.2777
2025-10-22T10:58:42.000Z,Yes,0.136,600,81.6
2025-10-22T10:58:42.000Z,Yes,0.139,10,1.39
2025-10-22T10:58:42.000Z,Yes,0.142,44.2,6.2764
2025-10-22T10:58:42.000Z,Yes,0.137,100,13.7
2025-10-22T10:58:42.000Z,Yes,0.143,200,28.6
2025-10-22T10:58:42.000Z,Yes,0.136,15.5,2.108
2025-10-22T11:21:38.000Z,Yes,0.142,100,14.2
2025-10-22T11:38:28.000Z,Yes,0.144422306,173.103447,24.999999
2025-10-22T11:38:28.000Z,No,0.856,100,85.6
2025-10-22T18:11:14.000Z,Yes,0.1399998824,7.142856,0.999999
2025-10-22T18:29:32.000Z,Yes,0.1399998824,7.142856,0.999999
2025-10-22T19:19:48.000Z,Yes,0.1399998824,7.142856,0.999999
2025-10-22T19:25:46.000Z,Yes,0.129,130.76,16.86804
2025-10-22T21:08:30.000Z,Yes,0.1339999798,37.313431,4.999999
2025-10-22T23:04:14.000Z,Yes,0.1399999888,71.42857,9.999999
2025-10-22T23:04:14.000Z,No,0.8600000323,24.74857,21.283771
2025-10-22T23:32:10.000Z,Yes,0.1409999411,14.184396,1.999999
2025-10-22T23:39:41.000Z,Yes,0.1419579189,176.10852,24.999999
2025-10-23T00:34:21.000Z,No,0.8620000369,21.739129,18.73913
2025-10-23T00:34:21.000Z,Yes,0.1379999631,21.739129,2.999999
2025-10-23T00:54:37.000Z,Yes,0.133,86.95,11.56435
2025-10-23T02:28:37.000Z,Yes,0.133,11.36,1.51088
2025-10-23T02:30:31.000Z,No,0.859,21,18.039
2025-10-23T02:30:31.000Z,No,0.858,100,85.8
2025-10-23T02:30:31.000Z,Yes,0.1421390778,225.131607,31.999999
2025-10-23T03:40:47.000Z,Yes,0.1429999999,6.993007,1
2025-10-23T04:32:31.000Z,No,0.867,20,17.34
2025-10-23T04:32:59.000Z,No,0.867,10,8.67
2025-10-23T04:33:05.000Z,No,0.867,168,145.656
2025-10-23T04:33:05.000Z,Yes,0.133,18.02,2.39666
2025-10-23T04:33:21.000Z,Yes,0.133,11.98,1.59334
2025-10-23T04:33:21.000Z,No,0.867,20,17.34
2025-10-23T04:33:21.000Z,Yes,0.133,50,6.65
2025-10-23T04:33:21.000Z,Yes,0.133,20,2.66
2025-10-23T04:33:21.000Z,No,0.867,50,43.35
2025-10-23T04:34:03.000Z,Yes,0.132,89,11.748
2025-10-23T04:38:05.000Z,Yes,0.132,60,7.92
2025-10-23T04:38:05.000Z,No,0.868,60,52.08
2025-10-23T05:06:13.000Z,No,0.855,200.1,171.0855
2025-10-23T05:06:13.000Z,No,0.857,100,85.7
2025-10-23T05:06:13.000Z,Yes,0.1453895301,962.930404,139.999999
2025-10-23T05:14:35.000Z,No,0.86,10,8.6
2025-10-23T05:49:25.000Z,No,0.863,20,17.26
2025-10-23T05:49:25.000Z,No,0.863,20,17.26
2025-10-23T05:49:25.000Z,No,0.863,21.42,18.48546
2025-10-23T05:49:25.000Z,No,0.863,10,8.63
2025-10-23T06:09:53.000Z,Yes,0.1449999778,34.482757,4.999999
2025-10-23T07:15:27.000Z,Yes,0.134,8,1.072
2025-10-23T07:15:27.000Z,No,0.866,8,6.928
2025-10-23T07:16:31.000Z,Yes,0.1384461571,14.446042,1.999999
2025-10-23T08:21:07.000Z,Yes,0.135,46.4,6.264
2025-10-23T08:21:07.000Z,Yes,0.135,10.1,1.3635
2025-10-23T08:21:07.000Z,No,0.865,86.3,74.6495
2025-10-23T09:12:45.000Z,Yes,0.134,38,5.092
2025-10-23T09:12:45.000Z,Yes,0.134,5,0.67
2025-10-23T09:12:45.000Z,No,0.866,15,12.99
2025-10-23T09:12:45.000Z,No,0.866,5,4.33
2025-10-23T09:12:45.000Z,No,0.866,23,19.918
2025-10-23T09:12:47.000Z,No,0.866,31,26.846
2025-10-23T09:12:47.000Z,Yes,0.134,31,4.154
2025-10-23T09:12:53.000Z,Yes,0.134,23,3.082
2025-10-23T09:12:53.000Z,No,0.866,23,19.918
2025-10-23T09:44:29.000Z,Yes,0.132,213.76,28.21632
2025-10-23T09:47:29.000Z,Yes,0.132,46.5,6.138
2025-10-23T09:50:57.000Z,Yes,0.1329999755,30.075186,3.999999
2025-10-23T09:59:25.000Z,Yes,0.138999892,7.194243,0.999999
2025-10-23T10:16:19.000Z,Yes,0.139,200,27.8
2025-10-23T10:16:19.000Z,No,0.861,200,172.2
2025-10-23T10:18:23.000Z,No,0.86,34,29.24
2025-10-23T10:18:23.000Z,No,0.86,77,66.22
2025-10-23T10:18:23.000Z,Yes,0.14,111,15.54
2025-10-23T10:18:27.000Z,Yes,0.14,2.9,0.406
2025-10-23T10:18:49.000Z,Yes,0.142,200,28.4
2025-10-23T10:18:49.000Z,No,0.858,200,171.6
2025-10-23T10:28:49.000Z,Yes,0.1480000001,27.027027,4
2025-10-23T10:41:53.000Z,Yes,0.148,7,1.036
2025-10-23T10:50:45.000Z,Yes,0.141,27.5,3.8775
2025-10-23T10:50:45.000Z,Yes,0.141,44.5,6.2745
2025-10-23T10:50:45.000Z,No,0.859,72,61.848
2025-10-23T11:13:21.000Z,Yes,0.1483521048,337.036,50
2025-10-23T11:13:21.000Z,No,0.85,94.436,80.2706
2025-10-23T11:22:35.000Z,Yes,0.141,7.14,1.00674
2025-10-23T11:22:55.000Z,Yes,0.158999994,125.786162,19.999999
2025-10-23T11:22:55.000Z,No,0.841000006,125.786162,105.786163
2025-10-23T12:16:37.000Z,Yes,0.142,14.2,2.0164
2025-10-23T12:16:37.000Z,No,0.858432,25,21.4608
2025-10-23T12:16:37.000Z,Yes,0.141,10.8,1.5228
2025-10-23T12:16:37.000Z,Yes,0.142,14.2,2.0164
2025-10-23T12:16:37.000Z,Yes,0.142,85.8,12.1836
2025-10-23T12:16:37.000Z,No,0.858,30,25.74
2025-10-23T12:16:37.000Z,Yes,0.142,30,4.26
2025-10-23T12:40:57.000Z,Yes,0.153,18,2.754
2025-10-23T12:55:27.000Z,Yes,0.142,32,4.544
2025-10-23T12:55:27.000Z,Yes,0.142,100,14.2
2025-10-23T12:55:27.000Z,No,0.8586083086,337,289.351
2025-10-23T13:00:01.000Z,Yes,0.16,18.75,3
2025-10-23T13:00:01.000Z,No,0.84,10,8.4
2025-10-23T13:32:03.000Z,Yes,0.14,335.89,47.0246
2025-10-23T13:32:03.000Z,Yes,0.141,8.75,1.23375
2025-10-23T13:34:05.000Z,Yes,0.14,15,2.1
2025-10-23T13:34:05.000Z,No,0.86,15,12.9
2025-10-23T13:34:05.000Z,Yes,0.14,10,1.4
2025-10-23T13:34:05.000Z,No,0.86,10,8.6
2025-10-23T14:09:57.000Z,Yes,0.1583680983,63.144024,9.999999
2025-10-23T14:19:31.000Z,Yes,0.1608680852,248.65093,39.999999
2025-10-23T14:19:31.000Z,No,0.8390000059,124.60093,104.540181
2025-10-23T14:22:27.000Z,Yes,0.1729999985,462.427744,79.999999
2025-10-23T14:40:39.000Z,Yes,0.1719998929,7.209301,1.239999
2025-10-23T14:40:39.000Z,No,0.8280001071,7.209301,5.969302
2025-10-23T15:06:49.000Z,No,0.8360001109,6.097559,5.09756
2025-10-23T15:06:49.000Z,Yes,0.1639998891,6.097559,0.999999
2025-10-23T15:25:39.000Z,Yes,0.1649998639,6.060605,0.999999
2025-10-23T15:25:39.000Z,No,0.8350001361,6.060605,5.060606
2025-10-23T15:44:37.000Z,Yes,0.1649999827,39.878786,6.579999
2025-10-23T15:44:37.000Z,No,0.8350000173,39.878786,33.298787
2025-10-23T15:57:15.000Z,Yes,0.1639999442,12.19512,1.999999
2025-10-23T16:00:53.000Z,Yes,0.1639998891,6.097559,0.999999
2025-10-23T16:07:19.000Z,Yes,0.1639999883,60.975608,9.999999
2025-10-23T17:00:39.000Z,Yes,0.152,0.16,0.02432
2025-10-23T17:34:27.000Z,Yes,0.158,1.42,0.22436
2025-10-23T17:34:27.000Z,No,0.842,1.42,1.19564
2025-10-23T17:52:13.000Z,Yes,0.1649998639,6.060605,0.999999
2025-10-23T17:52:13.000Z,No,0.8350001361,6.060605,5.060606
2025-10-23T17:58:17.000Z,No,0.8350001361,6.060605,5.060606
2025-10-23T17:58:17.000Z,Yes,0.1649998639,6.060605,0.999999
2025-10-23T18:09:03.000Z,Yes,0.151,155.21,23.43671
2025-10-23T18:12:57.000Z,No,0.8280000059,122.041917,101.050708
2025-10-23T18:12:57.000Z,No,0.835,157.91,131.85485
2025-10-23T18:12:57.000Z,Yes,0.1678066764,297.961917,49.999999
2025-10-23T18:18:05.000Z,Yes,0.174268037,286.914341,49.999999
2025-10-23T18:18:05.000Z,No,0.826,200.01,165.20826
2025-10-23T18:18:05.000Z,No,0.8250000088,76.904341,63.446082
2025-10-23T18:18:05.000Z,No,0.826,10,8.26
2025-10-23T18:36:15.000Z,No,0.8250000068,114.285713,94.285714
2025-10-23T18:36:15.000Z,Yes,0.1749999932,114.285713,19.999999
2025-10-23T18:38:27.000Z,No,0.8220000173,45.02101,37.007271
2025-10-23T18:38:27.000Z,Yes,0.1762235594,567.46101,99.999999
2025-10-23T18:38:27.000Z,No,0.825,60.8,50.16
2025-10-23T18:38:27.000Z,No,0.825,200.01,165.00825
2025-10-23T18:38:27.000Z,No,0.822,36,29.592
2025-10-23T18:51:45.000Z,No,0.847,13,11.011
2025-10-23T18:52:03.000Z,No,0.847,27,22.869
2025-10-23T18:52:49.000Z,No,0.822,17.05,14.0151
2025-10-23T18:52:49.000Z,Yes,0.177598876,28.47,5.05624
2025-10-23T19:06:27.000Z,No,0.847,10,8.47
2025-10-23T19:06:27.000Z,Yes,0.153,10,1.53
2025-10-23T19:15:53.000Z,Yes,0.15,200.1,30.015
2025-10-23T19:15:53.000Z,Yes,0.146,10,1.46
2025-10-23T19:15:53.000Z,Yes,0.137,286.38,39.23406
2025-10-23T19:15:53.000Z,Yes,0.151,66.79,10.08529
2025-10-23T19:15:53.000Z,Yes,0.143,50,7.15
2025-10-23T19:15:53.000Z,Yes,0.141,222,31.302
2025-10-23T19:15:53.000Z,Yes,0.138,100,13.8
2025-10-23T19:16:09.000Z,Yes,0.1360000007,154.098308,20.95737
2025-10-23T19:16:09.000Z,No,0.8637996033,192.718308,166.469998
2025-10-23T19:16:09.000Z,Yes,0.137,38.62,5.29094
2025-10-23T19:43:39.000Z,Yes,0.16,18.75,3
2025-10-23T19:43:39.000Z,No,0.84,18.75,15.75
2025-10-23T19:44:17.000Z,Yes,0.137,45.7,6.2609
2025-10-23T19:44:17.000Z,Yes,0.136,30.04,4.08544
2025-10-23T20:04:13.000Z,Yes,0.1529998871,6.535946,0.999999
2025-10-23T20:28:11.000Z,Yes,0.14999994,13.333332,1.999999
2025-10-23T20:28:11.000Z,No,0.85,6,5.1
2025-10-23T20:37:29.000Z,Yes,0.1499998875,6.666665,0.999999
2025-10-23T20:40:15.000Z,Yes,0.1518280286,65.863985,9.999999
2025-10-23T21:01:03.000Z,Yes,0.1539999945,129.870128,19.999999
2025-10-23T21:24:23.000Z,Yes,0.1529999767,32.679737,4.999999
2025-10-23T21:41:43.000Z,Yes,0.154151,20,3.08302
2025-10-23T21:41:43.000Z,No,0.845,3.02,2.5519
2025-10-23T21:44:43.000Z,No,0.8380001194,6.049381,5.069382
2025-10-23T21:44:43.000Z,Yes,0.161999955,16.049381,2.599999
2025-10-23T21:44:43.000Z,No,0.838,10,8.38
2025-10-23T22:27:23.000Z,No,0.8390001319,6.211179,5.21118
2025-10-23T22:27:23.000Z,Yes,0.1609998681,6.211179,0.999999
2025-10-23T22:32:05.000Z,No,0.8430001138,6.369425,5.369426
2025-10-23T22:32:05.000Z,Yes,0.1569998862,6.369425,0.999999
2025-10-23T22:54:51.000Z,Yes,0.1609998681,6.211179,0.999999
2025-10-23T23:19:27.000Z,No,0.8390001319,6.211179,5.21118
2025-10-23T23:19:27.000Z,Yes,0.1609998681,6.211179,0.999999
2025-10-24T01:31:43.000Z,Yes,0.1609999939,124.223601,19.999999
2025-10-24T02:38:03.000Z,Yes,0.1609998681,6.211179,0.999999
2025-10-24T02:41:27.000Z,Yes,0.137,6.21,0.85077
2025-10-24T02:59:43.000Z,Yes,0.1579999765,31.645568,4.999999
2025-10-24T02:59:43.000Z,No,0.8420000293,25.395568,21.383069
2025-10-24T03:31:45.000Z,Yes,0.1559998783,6.410255,0.999999
2025-10-24T03:54:33.000Z,Yes,0.155999958,19.230768,2.999999
2025-10-24T03:54:33.000Z,No,0.844000042,19.230768,16.230769
2025-10-24T04:03:05.000Z,Yes,0.1569998862,6.369425,0.999999
2025-10-24T04:03:21.000Z,Yes,0.1569998862,6.369425,0.999999
2025-10-24T04:10:15.000Z,Yes,0.1569998862,6.369425,0.999999
2025-10-24T04:10:41.000Z,Yes,0.1569999773,31.847132,4.999999
2025-10-24T04:18:21.000Z,Yes,0.1569999955,159.235667,24.999999
2025-10-24T04:21:59.000Z,Yes,0.1569999773,31.847132,4.999999
2025-10-24T04:53:55.000Z,No,0.858999281,1.164143,0.999998
2025-10-24T05:20:41.000Z,Yes,0.1569998862,6.369425,0.999999
2025-10-24T05:59:05.000Z,Yes,0.1490000315,1.175087,0.175088
2025-10-24T05:59:05.000Z,No,0.8509999685,1.175087,0.999999
2025-10-24T06:05:37.000Z,No,0.85,4.70588,3.999998
2025-10-24T06:05:37.000Z,Yes,0.15,4.70588,0.705882
2025-10-24T06:30:01.000Z,Yes,0.148,6.25,0.925
2025-10-24T06:32:33.000Z,Yes,0.156539716,12.776304,1.999999
2025-10-24T06:34:51.000Z,Yes,0.148,16.39,2.42572
2025-10-24T07:00:07.000Z,Yes,0.1549998907,6.451611,0.999999
2025-10-24T07:24:17.000Z,No,0.85,100,85
2025-10-24T07:24:17.000Z,Yes,0.15,140,21
2025-10-24T07:24:17.000Z,No,0.85,40,34
2025-10-24T07:59:15.000Z,Yes,0.15,16.1,2.415
2025-10-24T08:08:11.000Z,No,0.85,240,204
2025-10-24T08:08:11.000Z,Yes,0.15,240,36
2025-10-24T08:08:17.000Z,Yes,0.15,240,36
2025-10-24T08:08:17.000Z,No,0.85,240,204
2025-10-24T08:09:13.000Z,Yes,0.1509998845,6.622515,0.999999
2025-10-24T08:09:13.000Z,No,0.8490001155,6.622515,5.622516
2025-10-24T08:10:19.000Z,Yes,0.15,3.9,0.585
2025-10-24T08:11:05.000Z,Yes,0.156999988,63.694266,9.999999
2025-10-24T08:24:31.000Z,Yes,0.139,40,5.56
2025-10-24T08:24:31.000Z,Yes,0.14,44.8,6.272
2025-10-24T08:50:27.000Z,Yes,0.1459998768,6.849314,0.999999
2025-10-24T09:17:05.000Z,No,0.8500000143,56.091732,47.677973
2025-10-24T09:17:05.000Z,No,0.851,35.56,30.26156
2025-10-24T09:17:05.000Z,Yes,0.1494190527,133.851732,19.999999
2025-10-24T09:19:25.000Z,No,0.8470000062,127.454247,107.953748
2025-10-24T09:19:25.000Z,Yes,0.1521285849,162.954247,24.789999
2025-10-24T09:19:59.000Z,Yes,0.157,8.42,1.32194
2025-10-24T09:24:17.000Z,Yes,0.1569999773,31.847132,4.999999
2025-10-24T09:48:37.000Z,Yes,0.1559999478,14.166665,2.209999
2025-10-24T10:19:27.000Z,Yes,0.1559999871,64.102563,9.999999
2025-10-24T12:11:17.000Z,Yes,0.1559999442,12.820511,1.999999
2025-10-24T12:11:17.000Z,No,0.8440000558,12.820511,10.820512
2025-10-24T12:25:37.000Z,Yes,0.1569998862,6.369425,0.999999
2025-10-24T12:45:17.000Z,No,0.8440000059,123.269229,104.03923
2025-10-24T12:45:17.000Z,Yes,0.1559999941,123.269229,19.229999
2025-10-24T12:57:35.000Z,No,0.8440000261,32.051281,27.051282
2025-10-24T12:57:35.000Z,Yes,0.1560000051,32.051281,5
2025-10-24T13:02:41.000Z,Yes,0.1430000012,9.544923,1.364924
2025-10-24T13:02:41.000Z,No,0.8569999988,9.544923,8.179999
2025-10-24T13:09:03.000Z,Yes,0.144,12.82,1.84608
2025-10-24T13:19:35.000Z,Yes,0.1539998814,6.493505,0.999999
2025-10-24T13:54:21.000Z,Yes,0.1549998907,6.451611,0.999999
2025-10-24T14:16:29.000Z,Yes,0.1557836159,32.095795,4.999999
2025-10-24T14:18:53.000Z,Yes,0.1560000051,32.051281,5
2025-10-24T14:18:53.000Z,No,0.8440000261,32.051281,27.051282
2025-10-24T14:50:35.000Z,Yes,0.1569998892,7.006368,1.099999
2025-10-24T14:59:19.000Z,Yes,0.1569999724,29.108279,4.569999
2025-10-24T15:00:33.000Z,Yes,0.1569999955,159.235667,24.999999
2025-10-24T15:01:51.000Z,Yes,0.1510000053,23.557125,3.557126
2025-10-24T15:01:51.000Z,No,0.8489999947,23.557125,19.999999
2025-10-24T15:20:41.000Z,Yes,0.1559998783,6.410255,0.999999
2025-10-24T15:29:55.000Z,No,0.8440000104,67.136216,56.662967
2025-10-24T15:29:55.000Z,No,0.845,8.75,7.39375
2025-10-24T15:29:55.000Z,Yes,0.1557219943,92.986216,14.479999
2025-10-24T15:42:05.000Z,No,0.856,7.49,6.41144
2025-10-24T15:44:51.000Z,Yes,0.157,127.388535,20
2025-10-24T16:03:31.000Z,Yes,0.156999988,63.694266,9.999999
2025-10-24T16:07:17.000Z,Yes,0.151,1.755,0.265005
2025-10-24T16:07:17.000Z,No,0.849,1.755,1.489995
2025-10-24T16:10:03.000Z,Yes,0.156999958,19.108279,2.999999
2025-10-24T16:26:19.000Z,Yes,0.1569998862,6.369425,0.999999
2025-10-24T16:26:27.000Z,Yes,0.152,6.36,0.96672
2025-10-24T16:55:04.000Z,Yes,0.1567441684,31.899107,4.999999
2025-10-24T17:26:56.000Z,Yes,0.1558832325,64.150575,9.999999
2025-10-24T17:26:56.000Z,No,0.845,7.49,6.32905
2025-10-24T17:26:56.000Z,No,0.8440000124,56.660575,47.821526
2025-10-24T17:40:14.000Z,Yes,0.1569999773,31.847132,4.999999
2025-10-24T18:15:52.000Z,No,0.844,20,16.88
2025-10-24T18:15:52.000Z,Yes,0.156,20,3.12
2025-10-24T18:17:14.000Z,Yes,0.156,10,1.56
2025-10-24T18:17:14.000Z,No,0.844,10,8.44
2025-10-24T19:07:08.000Z,Yes,0.1539999762,32.467531,4.999999
2025-10-24T19:29:46.000Z,No,0.850999921,12.256168,10.429998
2025-10-24T19:29:54.000Z,Yes,0.1529998871,6.535946,0.999999
2025-10-24T19:29:54.000Z,No,0.8470001129,6.535946,5.535947
2025-10-24T19:44:46.000Z,Yes,0.1537659684,32.516948,5
2025-10-24T19:44:46.000Z,No,0.847,7.61,6.44567
2025-10-24T20:40:26.000Z,Yes,0.1539998846,7.142856,1.099999
2025-10-24T20:46:08.000Z,Yes,0.1539999892,64.935063,9.999999
2025-10-24T20:50:06.000Z,Yes,0.149,40,5.96
2025-10-24T20:50:06.000Z,Yes,0.149,19.6,2.9204
2025-10-24T21:11:14.000Z,No,0.8470000782,9.542482,8.082483
2025-10-24T21:11:14.000Z,Yes,0.1529999218,9.542482,1.459999
2025-10-24T22:11:24.000Z,Yes,0.142,41.3,5.8646
2025-10-24T22:11:24.000Z,Yes,0.135,19.67,2.65545
2025-10-24T22:54:26.000Z,Yes,0.1520149186,32.891502,4.999999
2025-10-24T23:00:32.000Z,Yes,0.1519999705,26.315788,3.999999
2025-10-24T23:57:50.000Z,Yes,0.1529998871,6.535946,0.999999
2025-10-25T00:07:54.000Z,Yes,0.1310000521,1.15074,0.150747
2025-10-25T00:07:54.000Z,No,0.8689999479,1.15074,0.999993
2025-10-25T00:08:28.000Z,Yes,0.1529998871,6.535946,0.999999
2025-10-25T00:22:04.000Z,No,0.847,100,84.7
2025-10-25T00:22:04.000Z,Yes,0.1529999938,130.718953,19.999999
2025-10-25T00:35:08.000Z,No,0.859999656,2.32558,1.999998
2025-10-25T00:36:00.000Z,Yes,0.1529998871,6.535946,0.999999
2025-10-25T00:36:22.000Z,Yes,0.1529998871,6.535946,0.999999
2025-10-25T00:45:40.000Z,Yes,0.1529998871,6.535946,0.999999
2025-10-25T00:56:38.000Z,Yes,0.1529998871,6.535946,0.999999
2025-10-25T01:52:26.000Z,Yes,0.156,20,3.12
2025-10-25T01:52:26.000Z,No,0.844,14.33,12.09452
2025-10-25T01:59:46.000Z,Yes,0.1559998783,6.410255,0.999999
2025-10-25T02:04:54.000Z,Yes,0.1559998783,6.410255,0.999999
2025-10-25T02:08:12.000Z,Yes,0.1569869929,321.427897,50.459999
2025-10-25T02:20:34.000Z,Yes,0.156999988,63.694266,9.999999
2025-10-25T02:24:10.000Z,Yes,0.15699994,12.738852,1.999999
2025-10-25T02:40:34.000Z,Yes,0.1569999773,31.847132,4.999999
2025-10-25T03:37:28.000Z,Yes,0.1589998707,6.289307,0.999999
2025-10-25T04:10:04.000Z,Yes,0.158999971,25.157231,3.999999
2025-10-25T04:25:02.000Z,Yes,0.158999994,125.786162,19.999999
2025-10-25T04:32:14.000Z,Yes,0.1589999886,62.89308,9.999999
2025-10-25T04:45:24.000Z,Yes,0.1589998707,6.289307,0.999999
2025-10-25T05:03:51.000Z,Yes,0.159,179.04,28.46736
2025-10-25T05:21:23.000Z,No,0.84,31.25,26.25
2025-10-25T05:21:23.000Z,Yes,0.16,31.25,5
2025-10-25T05:57:31.000Z,Yes,0.1619999186,9.876542,1.599999
2025-10-25T06:20:43.000Z,Yes,0.1619999756,30.864196,4.999999
2025-10-25T06:27:19.000Z,Yes,0.1620000002,12.345679,2
2025-10-25T06:44:57.000Z,Yes,0.1618650908,37.0679,5.999999
2025-10-25T06:45:21.000Z,No,0.8350000048,167.257817,139.660278
2025-10-25T06:45:21.000Z,Yes,0.1647556629,182.087817,29.999999
2025-10-25T06:47:09.000Z,No,0.8469999082,5.903186,4.999998
2025-10-25T07:22:05.000Z,No,0.835,48.74,40.6979
2025-10-25T07:22:05.000Z,Yes,0.165,48.74,8.0421
2025-10-25T07:24:57.000Z,Yes,0.1729998815,5.780345,0.999999
2025-10-25T07:25:17.000Z,Yes,0.165,5.78,0.9537
2025-10-25T07:40:27.000Z,Yes,0.173,345,59.685
2025-10-25T07:41:07.000Z,Yes,0.171999872,5.813952,0.999999
2025-10-25T07:44:33.000Z,Yes,0.171999872,5.813952,0.999999
2025-10-25T07:58:35.000Z,Yes,0.171999994,116.279068,19.999999
2025-10-25T08:04:27.000Z,No,0.8379999886,5.966586,4.999999
2025-10-25T08:04:27.000Z,Yes,0.1620000114,5.966586,0.966587
2025-10-25T08:11:07.000Z,Yes,0.163,38.7,6.3081
2025-10-25T08:11:07.000Z,No,0.8369999768,39.426522,32.999998
2025-10-25T08:12:05.000Z,Yes,0.172306181,17.410867,3
2025-10-25T08:12:33.000Z,Yes,0.1729999664,23.121386,3.999999
2025-10-25T08:34:21.000Z,Yes,0.163,12.5,2.0375
2025-10-25T08:34:47.000Z,Yes,0.1723217575,54.258958,9.349999
2025-10-25T08:36:11.000Z,Yes,0.1729998815,5.780345,0.999999
2025-10-25T08:39:39.000Z,Yes,0.163,26.2,4.2706
2025-10-25T09:01:13.000Z,Yes,0.162,19.25,3.1185
2025-10-25T09:01:13.000Z,No,0.838,19.25,16.1315
2025-10-25T09:05:09.000Z,No,0.8320000069,119.047618,99.047619
2025-10-25T09:05:09.000Z,Yes,0.1680000015,119.047618,20
2025-10-25T09:17:23.000Z,Yes,0.1719999432,11.627905,1.999999
2025-10-25T09:17:35.000Z,Yes,0.1719999571,17.441859,2.999999
2025-10-25T09:17:35.000Z,No,0.8280002689,2.781859,2.30338
2025-10-25T09:24:47.000Z,Yes,0.1689999766,29.585797,4.999999
2025-10-25T09:24:47.000Z,No,0.8310000234,29.585797,24.585798
2025-10-25T09:35:05.000Z,No,0.84,10,8.4
2025-10-25T09:54:15.000Z,Yes,0.1642653315,30.438553,4.999999
2025-10-25T09:54:15.000Z,No,0.8340001976,4.038553,3.368154
2025-10-25T09:57:57.000Z,Yes,0.1689998814,5.917158,0.999999
2025-10-25T10:05:57.000Z,No,0.8290000069,103.513858,85.812989
2025-10-25T10:05:57.000Z,Yes,0.1709663698,105.283858,17.999999
2025-10-25T10:08:57.000Z,No,0.828,31,25.668
2025-10-25T10:08:57.000Z,Yes,0.1727181897,110.005779,18.999999
2025-10-25T10:11:51.000Z,Yes,0.172999972,28.901733,4.999999
2025-10-25T10:25:13.000Z,Yes,0.1729999569,17.341039,2.999999
2025-10-25T10:34:11.000Z,Yes,0.1729998815,5.780345,0.999999
2025-10-25T10:34:29.000Z,Yes,0.1729999911,86.705201,14.999999
2025-10-25T10:35:25.000Z,Yes,0.1729999935,115.606935,19.999999
2025-10-25T10:38:19.000Z,No,0.8409994794,1.189059,0.999998
2025-10-25T10:40:37.000Z,Yes,0.1729998815,5.780345,0.999999
2025-10-25T10:45:01.000Z,Yes,0.172999972,28.901733,4.999999
2025-10-25T11:14:29.000Z,Yes,0.1729998815,5.780345,0.999999
2025-10-25T12:08:47.000Z,Yes,0.1679999484,14.880951,2.499999
2025-10-25T12:08:47.000Z,No,0.8320000516,14.880951,12.380952
2025-10-25T12:17:27.000Z,No,0.8439999902,11.848339,9.999998
2025-10-25T12:17:27.000Z,Yes,0.1560000098,11.848339,1.848341
2025-10-25T12:20:03.000Z,Yes,0.1729998815,5.780345,0.999999
2025-10-25T12:32:37.000Z,Yes,0.1669998874,5.988022,0.999999
2025-10-25T12:40:13.000Z,No,0.8320001247,6.029939,5.01691
2025-10-25T12:40:13.000Z,Yes,0.1675049596,11.939939,1.999999
2025-10-25T13:05:43.000Z,Yes,0.1729998815,5.780345,0.999999
2025-10-25T13:11:31.000Z,Yes,0.1729998815,5.780345,0.999999
2025-10-25T13:26:55.000Z,Yes,0.155,10,1.55
2025-10-25T13:26:55.000Z,Yes,0.155,23,3.565
2025-10-25T13:26:55.000Z,No,0.845,10,8.45
2025-10-25T13:39:45.000Z,No,0.846,5,4.23
2025-10-25T13:39:45.000Z,Yes,0.154,5,0.77
2025-10-25T13:43:25.000Z,Yes,0.1659998722,6.024095,0.999999
2025-10-25T13:46:33.000Z,Yes,0.1669998874,5.988022,0.999999
2025-10-25T13:50:01.000Z,Yes,0.1659998722,6.024095,0.999999
2025-10-25T13:50:07.000Z,Yes,0.1659998722,6.024095,0.999999
2025-10-25T13:54:33.000Z,Yes,0.1659998722,6.024095,0.999999
2025-10-25T13:54:55.000Z,Yes,0.1659998722,6.024095,0.999999
2025-10-25T13:58:45.000Z,Yes,0.155,7.14,1.1067
2025-10-25T14:01:31.000Z,Yes,0.1669998874,5.988022,0.999999
2025-10-25T14:03:55.000Z,Yes,0.1659998722,6.024095,0.999999
2025-10-25T14:05:17.000Z,Yes,0.1663395043,6.011795,0.999999
2025-10-25T14:05:45.000Z,Yes,0.1669998874,5.988022,0.999999
2025-10-25T14:06:13.000Z,Yes,0.1669999629,21.077843,3.519999
2025-10-25T14:10:13.000Z,Yes,0.1669998874,5.988022,0.999999
2025-10-25T14:11:27.000Z,Yes,0.1669998874,5.988022,0.999999
2025-10-25T14:16:09.000Z,Yes,0.154,35.98,5.54092
2025-10-25T14:16:09.000Z,Yes,0.155,33.56,5.2018
2025-10-25T14:17:57.000Z,Yes,0.1669998874,5.988022,0.999999
2025-10-25T14:18:19.000Z,Yes,0.1669998874,5.988022,0.999999
2025-10-25T14:18:41.000Z,Yes,0.1669998874,5.988022,0.999999
2025-10-25T14:20:31.000Z,No,0.8340000259,26.740962,22.301963
2025-10-25T14:20:31.000Z,Yes,0.1659999885,60.240962,9.999999
2025-10-25T14:26:13.000Z,Yes,0.1669998874,5.988022,0.999999
2025-10-25T14:26:49.000Z,Yes,0.1669998874,5.988022,0.999999
2025-10-25T14:30:01.000Z,Yes,0.1669999431,11.976046,1.999999
2025-10-25T14:44:17.000Z,No,0.8330000041,184.387244,153.594575
2025-10-25T14:44:17.000Z,Yes,0.1669999976,311.377244,51.999999
2025-10-25T14:45:55.000Z,No,0.833,17.6,14.6608
2025-10-25T14:45:55.000Z,Yes,0.1712677402,81.743351,13.999999
2025-10-25T14:45:55.000Z,No,0.828,36,29.808
2025-10-25T14:46:03.000Z,Yes,0.1729999569,17.341039,2.999999
2025-10-25T14:47:49.000Z,Yes,0.154,8,1.232
2025-10-25T14:49:51.000Z,Yes,0.1729998815,5.780345,0.999999
2025-10-25T15:24:19.000Z,Yes,0.172999972,28.901733,4.999999
2025-10-25T15:25:09.000Z,Yes,0.157,21,3.297
2025-10-25T15:31:17.000Z,Yes,0.1729999381,11.560692,1.999999
2025-10-25T15:34:07.000Z,Yes,0.158,39.9,6.3042
2025-10-25T15:37:15.000Z,Yes,0.158,15,2.37
2025-10-25T15:39:23.000Z,Yes,0.171999893,6.802324,1.169999
2025-10-25T15:41:39.000Z,Yes,0.171999872,5.813952,0.999999
2025-10-25T15:42:13.000Z,Yes,0.158,13.4,2.1172
2025-10-25T16:06:21.000Z,Yes,0.158,5.81,0.91798
2025-10-25T16:10:55.000Z,Yes,0.158,5.29,0.83582
2025-10-25T16:30:09.000Z,Yes,0.1721677131,29.041444,4.999999
2025-10-25T16:37:11.000Z,Yes,0.1719999741,29.069766,4.999999
2025-10-25T16:49:47.000Z,Yes,0.171999872,5.813952,0.999999
2025-10-25T16:53:17.000Z,Yes,0.1719999414,12.558138,2.159999
2025-10-25T16:59:15.000Z,Yes,0.1727720589,71.249941,12.309999
2025-10-25T16:59:55.000Z,Yes,0.1729998815,5.780345,0.999999
2025-10-25T17:16:37.000Z,Yes,0.1729998815,5.780345,0.999999
2025-10-25T17:23:05.000Z,No,0.8270000137,57.803467,47.803468
2025-10-25T17:23:05.000Z,Yes,0.1729999863,57.803467,9.999999
2025-10-25T17:26:43.000Z,No,0.8270000336,23.121386,19.121387
2025-10-25T17:26:43.000Z,Yes,0.1729999664,23.121386,3.999999
2025-10-25T17:34:35.000Z,Yes,0.173,20,3.46
2025-10-25T17:34:35.000Z,No,0.827,20,16.54
2025-10-25T17:38:29.000Z,No,0.827000028,28.901733,23.901734
2025-10-25T17:38:29.000Z,Yes,0.172999972,28.901733,4.999999
2025-10-25T18:20:09.000Z,Yes,0.1729998815,5.780345,0.999999
2025-10-25T18:20:09.000Z,No,0.8270001185,5.780345,4.780346
2025-10-25T18:20:59.000Z,No,0.8389999446,1.191894,0.999999
2025-10-25T18:26:31.000Z,No,0.8270000431,17.341039,14.34104
2025-10-25T18:26:31.000Z,Yes,0.1729999569,17.341039,2.999999
2025-10-25T18:39:23.000Z,No,0.827,10,8.27
2025-10-25T18:39:23.000Z,Yes,0.173,10,1.73
2025-10-25T18:51:53.000Z,Yes,0.163,5.78,0.94214
2025-10-25T18:53:31.000Z,Yes,0.164,5.78,0.94792
2025-10-25T19:24:19.000Z,No,0.827,37.01,30.60727
2025-10-25T19:24:19.000Z,Yes,0.1729999863,57.803467,9.999999
2025-10-25T19:29:43.000Z,Yes,0.1729998815,5.780345,0.999999
2025-10-25T19:30:55.000Z,Yes,0.166000029,5.035969,0.835971
2025-10-25T19:30:55.000Z,No,0.833999971,5.035969,4.199998
2025-10-25T19:40:15.000Z,Yes,0.1729998815,5.780345,0.999999
2025-10-25T19:43:07.000Z,Yes,0.166,6.09,1.01094
2025-10-25T19:59:17.000Z,No,0.834,20,16.68
2025-10-25T19:59:17.000Z,Yes,0.166,20,3.32
2025-10-25T19:59:19.000Z,Yes,0.166,6.97,1.15702
2025-10-25T19:59:19.000Z,No,0.834,6.97,5.81298
2025-10-25T19:59:23.000Z,Yes,0.165,38.3,6.3195
2025-10-25T19:59:23.000Z,No,0.8374831683,101,84.5858
2025-10-25T19:59:25.000Z,Yes,0.153,20,3.06
2025-10-25T19:59:25.000Z,No,0.8466911111,72,60.96176
2025-10-25T19:59:45.000Z,No,0.821,50,41.05
2025-10-25T19:59:45.000Z,No,0.822,50,41.1
2025-10-25T19:59:45.000Z,Yes,0.2023869533,4819.628851,975.429999
2025-10-25T19:59:45.000Z,No,0.804,100,80.4
2025-10-25T19:59:45.000Z,No,0.826,40,33.04
2025-10-25T19:59:45.000Z,No,0.76,9.24,7.0224
2025-10-25T19:59:45.000Z,No,0.757,150,113.55
2025-10-25T19:59:45.000Z,No,0.82,270,221.4
2025-10-25T19:59:45.000Z,No,0.761,300,228.3
2025-10-25T19:59:45.000Z,No,0.825,252,207.9
2025-10-25T20:04:09.000Z,No,0.835,202,168.67
2025-10-25T20:04:21.000Z,No,0.835,30,25.05
2025-10-25T20:05:37.000Z,No,0.834,10,8.34
2025-10-25T20:05:37.000Z,No,0.834,10,8.34
2025-10-25T20:05:39.000Z,No,0.834,56.79,47.36286
2025-10-25T20:05:43.000Z,Yes,0.165,30,4.95
2025-10-25T20:05:43.000Z,No,0.835,30,25.05
2025-10-25T20:38:45.000Z,Yes,0.1789999763,27.932959,4.999999
2025-10-25T20:53:35.000Z,Yes,0.163,13.07,2.13041
2025-10-25T20:54:17.000Z,Yes,0.1769999932,112.994349,19.999999
2025-10-25T20:54:17.000Z,No,0.82300001,77.194349,63.53095
2025-10-25T21:00:59.000Z,Yes,0.1769998704,5.649716,0.999999
2025-10-25T21:01:07.000Z,Yes,0.1769998704,5.649716,0.999999
2025-10-25T21:12:31.000Z,No,0.8369999821,5.973711,4.999996
2025-10-25T21:12:31.000Z,Yes,0.163,4.63,0.75469
2025-10-25T21:12:31.000Z,Yes,0.1630000796,1.343711,0.219025
2025-10-25T21:16:49.000Z,No,0.8369999821,5.973711,4.999996
2025-10-25T21:16:49.000Z,Yes,0.1630000179,5.973711,0.973715
2025-10-25T21:18:43.000Z,Yes,0.175,10,1.75
2025-10-25T21:32:17.000Z,No,0.837,33,27.621
2025-10-25T21:32:17.000Z,Yes,0.163,13.67,2.22821
2025-10-25T21:46:05.000Z,Yes,0.171999872,5.813952,0.999999
2025-10-25T21:55:25.000Z,Yes,0.1709999354,11.695905,1.999999
2025-10-25T22:01:21.000Z,Yes,0.17,29.3,4.981
2025-10-25T22:18:53.000Z,Yes,0.165,24.6,4.059
2025-10-25T22:18:53.000Z,Yes,0.165,5,0.825
2025-10-25T22:18:53.000Z,Yes,0.165,5,0.825
2025-10-25T22:18:53.000Z,Yes,0.165,8.7,1.4355
2025-10-25T22:18:53.000Z,No,0.835726,50,41.7863
2025-10-25T22:18:53.000Z,Yes,0.164,36.3,5.9532
2025-10-25T22:23:59.000Z,No,0.8280001005,7.441859,6.16186
2025-10-25T22:23:59.000Z,Yes,0.1719999571,17.441859,2.999999
2025-10-25T22:32:19.000Z,Yes,0.171,37,6.327
2025-10-25T23:28:29.000Z,Yes,0.164,9.38,1.53832
2025-10-25T23:28:29.000Z,No,0.836,9.38,7.84168
2025-10-25T23:47:57.000Z,No,0.838,40,33.52
2025-10-25T23:58:51.000Z,Yes,0.1689999373,11.834318,1.999999
2025-10-26T00:05:17.000Z,No,0.8300001095,6.939528,5.759809
2025-10-26T00:05:17.000Z,No,0.831,200,166.2
2025-10-26T00:05:17.000Z,Yes,0.169033511,207.059528,34.999999
2025-10-26T00:26:55.000Z,Yes,0.1699998861,5.882351,0.999999
2025-10-26T00:26:55.000Z,No,0.8300001139,5.882351,4.882352
2025-10-26T00:32:27.000Z,No,0.8300001139,5.882351,4.882352
2025-10-26T00:32:27.000Z,Yes,0.1699998861,5.882351,0.999999
2025-10-26T00:33:37.000Z,Yes,0.162,0.06,0.00972
2025-10-26T00:44:27.000Z,Yes,0.162,6.45,1.0449
2025-10-26T00:53:35.000Z,Yes,0.1689999559,17.751478,2.999999
2025-10-26T00:53:35.000Z,No,0.8310000441,17.751478,14.751479
2025-10-26T01:09:05.000Z,No,0.838,10,8.38
2025-10-26T01:09:05.000Z,Yes,0.162,20,3.24
2025-10-26T01:09:05.000Z,Yes,0.162,10,1.62
2025-10-26T01:09:05.000Z,No,0.838,20,16.76
2025-10-26T01:15:47.000Z,No,0.8379998894,1.193314,0.999997
2025-10-26T01:15:47.000Z,Yes,0.1620001106,1.193314,0.193317
2025-10-26T02:00:51.000Z,Yes,0.1649999626,22.060605,3.639999
2025-10-26T02:12:51.000Z,Yes,0.1639998891,6.097559,0.999999
2025-10-26T02:30:11.000Z,Yes,0.1638008238,30.524877,5
2025-10-26T02:30:11.000Z,No,0.8360000339,24.444877,20.435918
2025-10-26T02:32:55.000Z,No,0.8300007593,0.882351,0.732352
2025-10-26T02:32:55.000Z,Yes,0.1699998861,5.882351,0.999999
2025-10-26T02:32:55.000Z,No,0.83,5,4.15
2025-10-26T02:38:19.000Z,No,0.8290000138,59.239765,49.109766
2025-10-26T02:38:19.000Z,Yes,0.1709999862,59.239765,10.129999
2025-10-26T02:44:59.000Z,Yes,0.1620001106,1.193314,0.193317
2025-10-26T02:44:59.000Z,No,0.8379998894,1.193314,0.999997
2025-10-26T02:45:01.000Z,No,0.8379999949,20.894987,17.509999
2025-10-26T02:45:01.000Z,Yes,0.1620000051,20.894987,3.384988
2025-10-26T02:49:45.000Z,No,0.8382456632,22.403931,18.779998
2025-10-26T02:49:45.000Z,Yes,0.162,16.9,2.7378
2025-10-26T02:49:45.000Z,Yes,0.1610000198,5.503931,0.886133
2025-10-26T02:55:43.000Z,Yes,0.1620000045,32.219567,5.21957
2025-10-26T02:55:43.000Z,No,0.8379999955,32.219567,26.999997
2025-10-26T02:59:13.000Z,No,0.8379999938,5.763722,4.829999
2025-10-26T02:59:13.000Z,Yes,0.1620000062,5.763722,0.933723
2025-10-26T03:03:01.000Z,No,0.8290001853,4.070174,3.374175
2025-10-26T03:03:01.000Z,Yes,0.1700986044,41.270174,7.019999
2025-10-26T03:04:21.000Z,Yes,0.1709998646,5.847952,0.999999
2025-10-26T03:04:51.000Z,Yes,0.171,43.625731,7.46
2025-10-26T03:05:39.000Z,No,0.8290000353,23.119765,19.166286
2025-10-26T03:05:39.000Z,Yes,0.1709999721,29.239765,4.999999
2025-10-26T03:06:51.000Z,No,0.8290000279,29.239765,24.239766
2025-10-26T03:06:51.000Z,Yes,0.1709999721,29.239765,4.999999
2025-10-26T03:13:51.000Z,No,0.829000105,7.602338,6.302339
2025-10-26T03:13:51.000Z,Yes,0.170999895,7.602338,1.299999
2025-10-26T03:14:49.000Z,No,0.829,32.21,26.70209
2025-10-26T03:17:07.000Z,No,0.8290000279,29.239765,24.239766
2025-10-26T03:17:07.000Z,Yes,0.1709999721,29.239765,4.999999
2025-10-26T03:22:07.000Z,Yes,0.1709999716,26.315788,4.499999
2025-10-26T03:22:07.000Z,No,0.8290000284,26.315788,21.815789
2025-10-26T03:25:11.000Z,No,0.8290000784,8.771928,7.271929
2025-10-26T03:25:11.000Z,Yes,0.1709999216,8.771928,1.499999
2025-10-26T03:26:01.000Z,Yes,0.161,20.23,3.25703
2025-10-26T03:26:01.000Z,Yes,0.162,11.5,1.863
2025-10-26T03:26:01.000Z,Yes,0.162,27.5,4.455
2025-10-26T03:27:53.000Z,Yes,0.1610000013,5.959472,0.959475
2025-10-26T03:27:53.000Z,No,0.8389999987,5.959472,4.999997
2025-10-26T03:28:21.000Z,Yes,0.1709998646,5.847952,0.999999
2025-10-26T03:30:33.000Z,Yes,0.1709999055,8.479531,1.449999
2025-10-26T03:34:31.000Z,Yes,0.1779999045,8.483145,1.509999
2025-10-26T03:39:09.000Z,Yes,0.181514637,10.247102,1.859999
2025-10-26T03:39:09.000Z,No,0.8170002525,2.637102,2.154513
2025-10-26T03:39:21.000Z,Yes,0.161,22.06,3.55166
2025-10-26T03:56:35.000Z,No,0.813,9.89,8.04057
2025-10-26T03:57:47.000Z,Yes,0.1869998684,5.347592,0.999999
2025-10-26T03:57:47.000Z,No,0.8130001316,5.347592,4.347593
2025-10-26T03:58:43.000Z,No,0.8130001114,6.042779,4.91278
2025-10-26T03:58:43.000Z,Yes,0.1869998886,6.042779,1.129999
2025-10-26T04:08:01.000Z,No,0.8090004534,1.603297,1.297068
2025-10-26T04:08:01.000Z,No,0.813,3.71,3.01623
2025-10-26T04:08:01.000Z,Yes,0.1882068704,5.313297,0.999999
2025-10-26T04:09:05.000Z,No,0.807,10,8.07
2025-10-26T04:09:05.000Z,No,0.8060000187,41.597937,33.527938
2025-10-26T04:09:05.000Z,Yes,0.1938061787,51.597937,9.999999
2025-10-26T04:11:55.000Z,No,0.8030001531,5.076141,4.076142
2025-10-26T04:11:55.000Z,Yes,0.1969998469,5.076141,0.999999
2025-10-26T04:17:27.000Z,Yes,0.1979998886,7.070706,1.399999
2025-10-26T04:17:35.000Z,Yes,0.1979998432,5.050504,0.999999
2025-10-26T04:19:41.000Z,Yes,0.1979999941,126.262625,24.999999
2025-10-26T04:22:53.000Z,Yes,0.1979998886,7.070706,1.399999
2025-10-26T04:28:47.000Z,No,0.8030000761,8.527917,6.847918
2025-10-26T04:28:47.000Z,Yes,0.1969999239,8.527917,1.679999
2025-10-26T04:34:17.000Z,No,0.8030001003,7.614212,6.114213
2025-10-26T04:34:17.000Z,Yes,0.1969998997,7.614212,1.499999
2025-10-26T04:38:53.000Z,No,0.8030000057,107.284262,86.149263
2025-10-26T04:38:53.000Z,Yes,0.196999996,152.284262,29.999999
2025-10-26T04:38:53.000Z,No,0.803,45,36.135
2025-10-26T04:39:29.000Z,Yes,0.1979999092,7.575756,1.499999
2025-10-26T04:44:47.000Z,Yes,0.1979999092,7.575756,1.499999
2025-10-26T04:49:43.000Z,Yes,0.1979999092,7.575756,1.499999
2025-10-26T04:56:47.000Z,Yes,0.1979998432,5.050504,0.999999
2025-10-26T04:58:19.000Z,Yes,0.1979998432,5.050504,0.999999
2025-10-26T05:10:45.000Z,No,0.8130001316,5.347592,4.347593
2025-10-26T05:10:45.000Z,Yes,0.1869998684,5.347592,0.999999
2025-10-26T05:11:25.000Z,Yes,0.1859999273,10.752687,1.999999
2025-10-26T05:11:25.000Z,No,0.8140000727,10.752687,8.752688
2025-10-26T05:11:29.000Z,Yes,0.1859999273,10.752687,1.999999
2025-10-26T05:11:29.000Z,No,0.8140000727,10.752687,8.752688
2025-10-26T05:13:07.000Z,No,0.822,10,8.22
2025-10-26T05:27:41.000Z,No,0.817,12.25,10.00825
2025-10-26T05:37:07.000Z,No,0.8170000927,8.19672,6.696721
2025-10-26T05:37:07.000Z,Yes,0.1829999073,8.19672,1.499999
2025-10-26T05:42:09.000Z,Yes,0.1969998997,7.614212,1.499999
2025-10-26T05:42:09.000Z,No,0.8030001003,7.614212,6.114213
2025-10-26T05:46:31.000Z,Yes,0.1979999092,7.575756,1.499999
2025-10-26T05:51:09.000Z,Yes,0.1979999092,7.575756,1.499999
2025-10-26T05:56:37.000Z,No,0.803,5.88,4.72164
2025-10-26T05:56:37.000Z,Yes,0.1972002174,7.352928,1.449999
2025-10-26T05:57:21.000Z,Yes,0.172,36.8,6.3296
2025-10-26T06:00:39.000Z,Yes,0.1969998997,7.614212,1.499999
2025-10-26T06:00:51.000Z,No,0.8279993508,1.207728,0.999998
2025-10-26T06:01:31.000Z,Yes,0.1969998469,5.076141,0.999999
2025-10-26T06:02:29.000Z,No,0.828,50,41.4
2025-10-26T06:02:29.000Z,Yes,0.172,27.58,4.74376
2025-10-26T06:04:39.000Z,Yes,0.171,32.05,5.48055
2025-10-26T06:04:39.000Z,Yes,0.172,9.22,1.58584
2025-10-26T06:07:35.000Z,Yes,0.1969998997,7.614212,1.499999
2025-10-26T06:11:51.000Z,Yes,0.1969998997,7.614212,1.499999
2025-10-26T06:16:37.000Z,Yes,0.1959998738,5.102039,0.999999
2025-10-26T06:23:13.000Z,Yes,0.1949999264,10.256409,1.999999
2025-10-26T06:23:55.000Z,Yes,0.1949998479,5.128204,0.999999
2025-10-26T06:30:39.000Z,Yes,0.1949998479,5.128204,0.999999
2025-10-26T06:38:51.000Z,Yes,0.1949998479,5.128204,0.999999
2025-10-26T06:46:45.000Z,Yes,0.171,5.88,1.00548
2025-10-26T06:48:47.000Z,Yes,0.1889998571,5.291004,0.999999
2025-10-26T06:53:31.000Z,No,0.811,5,4.055
2025-10-26T06:53:31.000Z,Yes,0.1889998571,5.291004,0.999999
2025-10-26T06:58:11.000Z,Yes,0.1869998684,5.347592,0.999999
2025-10-26T07:03:35.000Z,Yes,0.1871930616,5.342073,0.999999
2025-10-26T07:10:41.000Z,No,0.8110001429,5.291004,4.291005
2025-10-26T07:10:41.000Z,Yes,0.1889998571,5.291004,0.999999
2025-10-26T07:32:35.000Z,Yes,0.172000106,1.207726,0.207729
2025-10-26T07:32:35.000Z,No,0.827999894,1.207726,0.999997
2025-10-26T07:34:49.000Z,No,0.8170001202,5.464479,4.46448
2025-10-26T07:34:49.000Z,Yes,0.1829998798,5.464479,0.999999
2025-10-26T07:38:05.000Z,Yes,0.1829998798,5.464479,0.999999
2025-10-26T07:38:05.000Z,No,0.8170001202,5.464479,4.46448
2025-10-26T07:41:43.000Z,Yes,0.171,3.82,0.65322
2025-10-26T07:42:39.000Z,Yes,0.171,3.14,0.53694
2025-10-26T07:43:01.000Z,Yes,0.171,2.58,0.44118
2025-10-26T07:43:25.000Z,Yes,0.171,2.12,0.36252
2025-10-26T07:44:15.000Z,Yes,0.171,1.91,0.32661
2025-10-26T07:44:19.000Z,Yes,0.171,1.91,0.32661
2025-10-26T07:57:07.000Z,Yes,0.171,8.21,1.40391
2025-10-26T07:57:07.000Z,Yes,0.171,17.9,3.0609
2025-10-26T07:57:07.000Z,Yes,0.171,9.16,1.56636
2025-10-26T07:57:07.000Z,Yes,0.171,46.59,7.96689
2025-10-26T08:01:07.000Z,Yes,0.171,10,1.71
2025-10-26T08:01:45.000Z,Yes,0.17,20,3.4
2025-10-26T08:05:15.000Z,Yes,0.1709998646,5.847952,0.999999
2025-10-26T08:08:09.000Z,Yes,0.1709998646,5.847952,0.999999
2025-10-26T08:09:03.000Z,Yes,0.17,16,2.72
2025-10-26T08:15:11.000Z,Yes,0.1719584009,29.076794,4.999999
2025-10-26T08:24:45.000Z,Yes,0.17,53,9.01
2025-10-26T08:29:19.000Z,Yes,0.17,6.28,1.0676
2025-10-26T08:41:25.000Z,Yes,0.1799998704,5.555554,0.999999
2025-10-26T08:46:29.000Z,Yes,0.1799999755,27.777776,4.999999
2025-10-26T09:00:47.000Z,No,0.8080001428,5.208332,4.208333
2025-10-26T09:00:47.000Z,Yes,0.1919998572,5.208332,0.999999
2025-10-26T09:04:27.000Z,No,0.808,4.79,3.87032
2025-10-26T09:04:27.000Z,Yes,0.1919998572,5.208332,0.999999
2025-10-26T09:09:13.000Z,Yes,0.1919998572,5.208332,0.999999
2025-10-26T09:14:53.000Z,Yes,0.1919998572,5.208332,0.999999
2025-10-26T09:21:45.000Z,Yes,0.192,15.625,3
2025-10-26T09:22:07.000Z,Yes,0.1919998572,5.208332,0.999999
2025-10-26T09:23:07.000Z,No,0.828,40,33.12
2025-10-26T09:23:07.000Z,Yes,0.172,36.8,6.3296
2025-10-26T09:23:11.000Z,No,0.828,1.97,1.63116
2025-10-26T09:23:35.000Z,No,0.8281982801,6.037198,4.999997
2025-10-26T09:23:35.000Z,Yes,0.1710001186,1.197198,0.204721
2025-10-26T09:24:37.000Z,Yes,0.171,15.62,2.67102
2025-10-26T09:26:23.000Z,Yes,0.1909998489,5.235601,0.999999
2025-10-26T09:26:23.000Z,No,0.8090001511,5.235601,4.235602
2025-10-26T09:31:33.000Z,Yes,0.1909998489,5.235601,0.999999
2025-10-26T09:31:33.000Z,No,0.8090001511,5.235601,4.235602
2025-10-26T09:34:43.000Z,No,0.8289999992,1.206269,0.999997
2025-10-26T09:34:43.000Z,Yes,0.1710000008,1.206269,0.206272
2025-10-26T09:40:55.000Z,Yes,0.1889998571,5.291004,0.999999
2025-10-26T09:42:07.000Z,Yes,0.171,8.19,1.40049
2025-10-26T09:42:07.000Z,No,0.829,8.19,6.78951
2025-10-26T09:43:19.000Z,Yes,0.1909998489,5.235601,0.999999
2025-10-26T09:43:19.000Z,No,0.8090001511,5.235601,4.235602
2025-10-26T09:44:17.000Z,Yes,0.1909998489,5.235601,0.999999
2025-10-26T09:44:17.000Z,No,0.8090001511,5.235601,4.235602
2025-10-26T09:45:43.000Z,Yes,0.1909998489,5.235601,0.999999
2025-10-26T09:45:43.000Z,No,0.8090001511,5.235601,4.235602
2025-10-26T09:50:27.000Z,Yes,0.172,10,1.72
2025-10-26T09:50:47.000Z,Yes,0.1899998784,5.263156,0.999999
2025-10-26T09:50:47.000Z,No,0.8100001216,5.263156,4.263157
2025-10-26T09:56:51.000Z,Yes,0.1879998804,5.319147,0.999999
2025-10-26T09:56:51.000Z,No,0.8120001196,5.319147,4.319148
2025-10-26T10:03:25.000Z,Yes,0.1875616562,53.315796,9.999999
2025-10-26T10:03:25.000Z,No,0.813,23.37,18.99981
2025-10-26T10:03:31.000Z,Yes,0.1879998804,5.319147,0.999999
2025-10-26T10:03:31.000Z,No,0.8120004329,1.469147,1.192948
2025-10-26T10:11:17.000Z,Yes,0.17,4.72,0.8024
2025-10-26T10:11:17.000Z,No,0.8296396954,197,163.43902
2025-10-26T10:11:17.000Z,Yes,0.173,20,3.46
2025-10-26T10:11:17.000Z,Yes,0.172,26.8,4.6096
2025-10-26T10:11:17.000Z,No,0.8278270833,96,79.4714
2025-10-26T10:11:17.000Z,Yes,0.171,120.78,20.65338
2025-10-26T10:11:17.000Z,Yes,0.164,24.1,3.9524
2025-10-26T10:11:17.000Z,No,0.827,20,16.54
2025-10-26T10:11:17.000Z,Yes,0.173,16.6,2.8718
2025-10-26T10:15:05.000Z,No,0.816,10,8.16
2025-10-26T10:15:05.000Z,Yes,0.184,10,1.84
2025-10-26T10:23:29.000Z,No,0.8180001325,5.494504,4.494505
2025-10-26T10:23:29.000Z,Yes,0.1819998675,5.494504,0.999999
2025-10-26T10:28:47.000Z,Yes,0.1789998588,5.586591,0.999999
2025-10-26T10:33:03.000Z,Yes,0.1779998704,5.617976,0.999999
2025-10-26T10:37:55.000Z,Yes,0.1759998606,5.681817,0.999999
2025-10-26T10:39:51.000Z,Yes,0.1630000105,13.894858,2.264862
2025-10-26T10:39:51.000Z,No,0.8369999939,23.894858,19.999996
2025-10-26T10:42:43.000Z,Yes,0.1749998775,5.714284,0.999999
2025-10-26T10:42:43.000Z,No,0.8250001225,5.714284,4.714285
2025-10-26T10:42:47.000Z,Yes,0.163,0.4,0.0652
2025-10-26T10:48:01.000Z,Yes,0.1729998815,5.780345,0.999999
2025-10-26T10:49:07.000Z,Yes,0.1737756925,5.754539,0.999999
2025-10-26T10:49:07.000Z,No,0.8260001761,4.464539,3.68771
2025-10-26T10:54:07.000Z,No,0.838,15.45,12.9471
2025-10-26T10:54:07.000Z,No,0.838,20,16.76
2025-10-26T10:54:07.000Z,No,0.838,20,16.76
2025-10-26T11:15:21.000Z,Yes,0.171999872,5.813952,0.999999
2025-10-26T11:22:03.000Z,Yes,0.1719999432,11.627905,1.999999
2025-10-26T11:29:33.000Z,Yes,0.161,12,1.932
2025-10-26T11:29:33.000Z,No,0.839,12,10.068
2025-10-26T11:39:35.000Z,Yes,0.161,7.23,1.16403
2025-10-26T11:39:35.000Z,Yes,0.161,3.88,0.62468
2025-10-26T11:54:59.000Z,Yes,0.1619999934,123.456789,19.999999
2025-10-26T11:57:49.000Z,Yes,0.161,29.1,4.6851
2025-10-26T12:14:41.000Z,Yes,0.1676934735,59.632607,9.999999
2025-10-26T12:19:11.000Z,Yes,0.161,123.45,19.87545
2025-10-26T12:32:13.000Z,No,0.838,20,16.76
2025-10-26T12:32:13.000Z,Yes,0.162,20,3.24
2025-10-26T12:38:23.000Z,Yes,0.162,19,3.078
2025-10-26T12:38:23.000Z,Yes,0.161,82,13.202
2025-10-26T12:38:23.000Z,No,0.8388118812,101,84.72
2025-10-26T12:47:45.000Z,No,0.839,230,192.97
2025-10-26T12:47:45.000Z,Yes,0.161,196,31.556
2025-10-26T12:47:45.000Z,No,0.839,195.07,163.66373
2025-10-26T12:47:45.000Z,No,0.839,196,164.444
2025-10-26T12:47:45.000Z,Yes,0.161,195.07,31.40627
2025-10-26T12:47:45.000Z,Yes,0.161,230,37.03
2025-10-26T12:47:47.000Z,Yes,0.161,195.07,31.40627
2025-10-26T12:47:47.000Z,Yes,0.161,200,32.2
2025-10-26T12:47:47.000Z,No,0.839,200,167.8
2025-10-26T12:50:53.000Z,Yes,0.162,22,3.564
2025-10-26T12:50:53.000Z,Yes,0.161,65.56,10.55516
2025-10-26T12:50:53.000Z,No,0.839,88.34,74.11726
2025-10-26T12:50:53.000Z,Yes,0.161,53.9,8.6779
2025-10-26T12:50:53.000Z,Yes,0.162,22,3.564
2025-10-26T12:50:53.000Z,Yes,0.161,672.44,108.26284
2025-10-26T12:50:53.000Z,Yes,0.161,34.44,5.54484
2025-10-26T12:50:53.000Z,Yes,0.162,22,3.564
2025-10-26T12:50:53.000Z,Yes,0.162,22,3.564
2025-10-26T12:50:53.000Z,No,0.8388934625,826,692.926
2025-10-26T12:52:49.000Z,Yes,0.1709999591,17.543858,2.999999
2025-10-26T12:57:21.000Z,Yes,0.1689999766,29.585797,4.999999
2025-10-26T13:01:25.000Z,Yes,0.1669999431,11.976046,1.999999
2025-10-26T13:01:41.000Z,Yes,0.1673094737,41.838629,6.999999
2025-10-26T13:01:41.000Z,Yes,0.152,12.73,1.93496
2025-10-26T13:12:05.000Z,Yes,0.16,18.75,3
2025-10-26T13:12:05.000Z,No,0.84,18.75,15.75
2025-10-26T13:12:29.000Z,Yes,0.16,62.5,10
2025-10-26T13:12:29.000Z,No,0.84,62.5,52.5
2025-10-26T13:17:19.000Z,No,0.84,6.25,5.25
2025-10-26T13:17:19.000Z,Yes,0.16,6.25,1
2025-10-26T13:29:05.000Z,No,0.8200000035,194.352776,159.369277
2025-10-26T13:29:05.000Z,No,0.83,10,8.3
2025-10-26T13:29:05.000Z,No,0.84,12.5,10.5
2025-10-26T13:29:05.000Z,Yes,0.167657865,596.452776,99.999999
2025-10-26T13:38:47.000Z,No,0.8100000111,56.991577,46.163178
2025-10-26T13:38:47.000Z,No,0.81,252,204.12
2025-10-26T13:38:47.000Z,No,0.82,21.64,17.7448
2025-10-26T13:38:47.000Z,Yes,0.1858696044,538.011577,99.999999
2025-10-26T13:55:45.000Z,Yes,0.162,20,3.24
2025-10-26T13:55:45.000Z,No,0.838,20,16.76
2025-10-26T13:56:03.000Z,Yes,0.177999989,61.797751,10.999999
2025-10-26T14:13:33.000Z,No,0.8240000574,13.806817,11.376818
2025-10-26T14:13:33.000Z,Yes,0.1754036045,34.206817,5.999999
2025-10-26T14:29:39.000Z,Yes,0.1949999735,25.641024,4.999999
2025-10-26T14:29:39.000Z,No,0.8050000265,25.641024,20.641025
2025-10-26T14:37:45.000Z,Yes,0.165,5.07,0.83655
2025-10-26T14:52:13.000Z,No,0.831,26.6,22.1046
2025-10-26T14:52:13.000Z,Yes,0.169,10.6,1.7914
2025-10-26T15:02:01.000Z,No,0.831,3,2.493
2025-10-26T15:14:13.000Z,Yes,0.165,7.9,1.3035
2025-10-26T15:14:37.000Z,No,0.831,0.36,0.29916
2025-10-26T15:16:05.000Z,Yes,0.1689999373,11.834318,1.999999
2025-10-26T15:16:05.000Z,No,0.8310000627,11.834318,9.834319
2025-10-26T15:37:41.000Z,Yes,0.165,27.67,4.56555
2025-10-26T15:37:41.000Z,No,0.835,27.67,23.10445
2025-10-26T15:44:59.000Z,Yes,0.165,5.46,0.9009
2025-10-26T15:48:07.000Z,Yes,0.165,10.25,1.69125
2025-10-26T16:08:27.000Z,Yes,0.165,1.1976,0.197604
2025-10-26T16:08:27.000Z,No,0.835,1.1976,0.999996
2025-10-26T16:24:33.000Z,No,0.833,13,10.829
2025-10-26T16:24:33.000Z,Yes,0.167,13,2.171
2025-10-26T16:25:23.000Z,No,0.831,8.2,6.8142
2025-10-26T16:25:23.000Z,Yes,0.1689999877,58.284022,9.849999
2025-10-26T16:26:37.000Z,Yes,0.1689998814,5.917158,0.999999
2025-10-26T16:26:41.000Z,Yes,0.169,5.87,0.99203
2025-10-26T16:33:07.000Z,No,0.8270001168,6.549305,5.416276
2025-10-26T16:33:07.000Z,Yes,0.1721272486,11.619305,1.999999
2025-10-26T16:53:51.000Z,No,0.8289994537,1.206271,0.999998
2025-10-26T16:58:07.000Z,Yes,0.1859999273,10.752687,1.999999
2025-10-26T17:26:41.000Z,Yes,0.17,7.14,1.2138
2025-10-26T17:29:03.000Z,Yes,0.1849998631,5.405404,0.999999
2025-10-26T17:29:03.000Z,No,0.8150001369,5.405404,4.405405
2025-10-26T17:29:41.000Z,No,0.815,5.4,4.401
2025-10-26T17:51:59.000Z,No,0.8339999775,4.796162,3.999999
2025-10-26T17:51:59.000Z,Yes,0.1660000225,4.796162,0.796163
2025-10-26T17:52:59.000Z,Yes,0.166000022,5.995198,0.995203
2025-10-26T17:52:59.000Z,No,0.833999978,5.995198,4.999995
2025-10-26T18:19:17.000Z,Yes,0.165,40,6.6
2025-10-26T18:19:17.000Z,Yes,0.165,47.52,7.8408
2025-10-26T18:19:17.000Z,Yes,0.165,5.02,0.8283
2025-10-26T18:19:17.000Z,No,0.835,100,83.5
2025-10-26T18:19:17.000Z,Yes,0.165,12.48,2.0592
2025-10-26T18:19:17.000Z,No,0.835,5.02,4.1917
2025-10-26T18:25:53.000Z,Yes,0.155,5,0.775
2025-10-26T18:35:31.000Z,Yes,0.153,11.45,1.75185
2025-10-26T18:35:31.000Z,Yes,0.153,29.64,4.53492
2025-10-26T18:38:29.000Z,No,0.856,22.33,19.11448
2025-10-26T18:38:29.000Z,Yes,0.144,22.33,3.21552
2025-10-26T18:47:55.000Z,Yes,0.142,110.94,15.75348
2025-10-26T18:47:55.000Z,No,0.8577735,120,102.93282
2025-10-26T18:47:55.000Z,Yes,0.145,9.06,1.3137
2025-10-26T19:30:03.000Z,No,0.857,5,4.285
2025-10-26T19:30:03.000Z,Yes,0.143,5,0.715
2025-10-26T19:40:43.000Z,Yes,0.1430000023,29.171524,4.171528
2025-10-26T19:40:43.000Z,No,0.8569999977,29.171524,24.999996
2025-10-26T19:46:17.000Z,No,0.857,100,85.7
2025-10-26T19:46:17.000Z,Yes,0.143,100,14.3
2025-10-26T19:50:43.000Z,Yes,0.143,18.94,2.70842
2025-10-26T19:50:43.000Z,No,0.857,18.94,16.23158
2025-10-26T19:51:35.000Z,Yes,0.143,9.47,1.35421
2025-10-26T19:51:35.000Z,No,0.857,9.47,8.11579
2025-10-26T19:56:51.000Z,Yes,0.1459998768,6.849314,0.999999
2025-10-26T20:02:57.000Z,Yes,0.143,41.66,5.95738
2025-10-26T20:04:29.000Z,No,0.856,23,19.688
2025-10-26T20:04:29.000Z,No,0.856,24,20.544
2025-10-26T20:04:29.000Z,No,0.856,29,24.824
2025-10-26T20:04:29.000Z,Yes,0.144,76,10.944
2025-10-26T20:04:31.000Z,No,0.856,10,8.56
2025-10-26T20:04:31.000Z,Yes,0.144,10,1.44
2025-10-26T20:04:39.000Z,Yes,0.144,28,4.032
2025-10-26T20:04:39.000Z,No,0.856,28,23.968
2025-10-26T20:04:43.000Z,No,0.856,38,32.528
2025-10-26T20:04:43.000Z,Yes,0.144,38,5.472
2025-10-26T20:04:45.000Z,No,0.856,17,14.552
2025-10-26T20:04:45.000Z,Yes,0.144,17,2.448
2025-10-26T20:11:25.000Z,Yes,0.143,16.75,2.39525
2025-10-26T20:11:25.000Z,Yes,0.142,33.25,4.7215
2025-10-26T20:19:27.000Z,Yes,0.142,13.49,1.91558
2025-10-26T20:19:27.000Z,No,0.858,13.49,11.57442
2025-10-26T20:19:37.000Z,Yes,0.142,196.62,27.92004
2025-10-26T20:19:37.000Z,No,0.858,196.62,168.69996
2025-10-26T20:20:03.000Z,No,0.858,20,17.16
2025-10-26T20:20:03.000Z,Yes,0.142,20,2.84
2025-10-26T20:20:19.000Z,Yes,0.144,10,1.44
2025-10-26T20:20:23.000Z,No,0.858,20,17.16
2025-10-26T20:20:23.000Z,Yes,0.142,20,2.84
2025-10-26T20:21:31.000Z,No,0.858,18.52,15.89016
2025-10-26T20:21:31.000Z,Yes,0.142,18.52,2.62984
2025-10-26T20:24:05.000Z,Yes,0.1429999999,6.993007,1
2025-10-26T20:25:03.000Z,No,0.858,14.17,12.15786
2025-10-26T20:25:03.000Z,Yes,0.142,14.17,2.01214
2025-10-26T20:27:53.000Z,Yes,0.142,71.7,10.1814
2025-10-26T20:29:23.000Z,Yes,0.142,5.8,0.8236
2025-10-26T20:29:23.000Z,No,0.858,21.97,18.85026
2025-10-26T20:29:23.000Z,No,0.858,5.8,4.9764
2025-10-26T20:29:23.000Z,Yes,0.142,21.97,3.11974
2025-10-26T20:35:17.000Z,No,0.858,164.2,140.8836
2025-10-26T20:35:17.000Z,Yes,0.142,164.2,23.3164
2025-10-26T20:35:19.000Z,No,0.858,19.99,17.15142
2025-10-26T20:35:19.000Z,Yes,0.142,19.99,2.83858
2025-10-26T20:42:43.000Z,Yes,0.142,60,8.52
2025-10-26T20:42:43.000Z,No,0.858,60,51.48
2025-10-26T20:42:47.000Z,Yes,0.142,7.81,1.10902
2025-10-26T20:42:47.000Z,No,0.858,7.81,6.70098
2025-10-26T20:43:29.000Z,Yes,0.141,82.99,11.70159
2025-10-26T20:43:29.000Z,No,0.859,82.99,71.28841
2025-10-26T20:46:31.000Z,Yes,0.141,25.48,3.59268
2025-10-26T20:46:31.000Z,No,0.859,25.48,21.88732
2025-10-26T20:50:23.000Z,Yes,0.141,7.22,1.01802
2025-10-26T20:50:23.000Z,No,0.859,7.22,6.20198
2025-10-26T20:55:29.000Z,Yes,0.141,5.66,0.79806
2025-10-26T20:55:29.000Z,No,0.859,5.66,4.86194
2025-10-26T20:55:41.000Z,No,0.858,12.19,10.45902
2025-10-26T20:55:41.000Z,No,0.8580000871,8.936759,7.66774
2025-10-26T20:55:41.000Z,Yes,0.1419999632,21.126759,2.999999
2025-10-26T20:57:37.000Z,No,0.859,25,21.475
2025-10-26T20:57:37.000Z,Yes,0.141,25,3.525
2025-10-26T20:58:07.000Z,Yes,0.1420000105,14.084506,2
2025-10-26T20:58:07.000Z,No,0.8580000605,14.084506,12.084507
2025-10-26T20:58:59.000Z,No,0.859,20,17.18
2025-10-26T20:58:59.000Z,Yes,0.141,20,2.82
2025-10-26T21:00:21.000Z,No,0.859,7.11,6.10749
2025-10-26T21:00:21.000Z,Yes,0.141,7.11,1.00251
2025-10-26T21:02:13.000Z,Yes,0.1419999903,77.464787,10.999999
2025-10-26T21:02:13.000Z,No,0.8580000097,77.464787,66.464788
2025-10-26T21:08:39.000Z,No,0.8594636667,180,154.70346
2025-10-26T21:08:39.000Z,Yes,0.141,96.54,13.61214
2025-10-26T21:08:39.000Z,Yes,0.14,83.46,11.6844
2025-10-26T21:22:09.000Z,Yes,0.143999886,6.944443,0.999999
2025-10-26T21:22:09.000Z,No,0.856000114,6.944443,5.944444
2025-10-26T21:33:19.000Z,Yes,0.1439999476,13.888887,1.999999
2025-10-26T21:33:19.000Z,No,0.8560000524,13.888887,11.888888
2025-10-26T22:29:21.000Z,Yes,0.14,9.87,1.3818
2025-10-26T22:34:53.000Z,Yes,0.142,9,1.278
2025-10-26T22:34:53.000Z,Yes,0.142,5,0.71
2025-10-26T22:34:53.000Z,No,0.858,5,4.29
2025-10-26T22:34:53.000Z,No,0.858,9,7.722
2025-10-26T22:34:55.000Z,Yes,0.142,22,3.124
2025-10-26T22:34:55.000Z,No,0.858,22,18.876
2025-10-26T23:28:29.000Z,Yes,0.151,22.35,3.37485
2025-10-26T23:28:31.000Z,Yes,0.151,7.65,1.15515
2025-10-26T23:28:31.000Z,No,0.849,7.65,6.49485
2025-10-27T00:44:17.000Z,Yes,0.141,11.36,1.60176
2025-10-27T00:53:27.000Z,Yes,0.141,11.83,1.66803
2025-10-27T01:09:07.000Z,Yes,0.1519998796,6.578946,0.999999
2025-10-27T01:13:45.000Z,No,0.8480000151,49.169472,41.695713
2025-10-27T01:13:45.000Z,Yes,0.1519999887,65.789472,9.999999
2025-10-27T01:20:13.000Z,No,0.852,6.03,5.13756
2025-10-27T01:52:59.000Z,Yes,0.14,0.82,0.1148
2025-10-27T01:52:59.000Z,Yes,0.141,21.31,3.00471
2025-10-27T01:52:59.000Z,No,0.8590370538,22.13,19.01049
2025-10-27T01:57:09.000Z,Yes,0.1499998875,6.666665,0.999999
2025-10-27T02:01:51.000Z,No,0.8510000063,112.928186,96.101887
2025-10-27T02:01:51.000Z,Yes,0.1489999947,134.228186,19.999999
2025-10-27T02:08:05.000Z,No,0.803,200,160.6
2025-10-27T02:08:05.000Z,No,0.811,200,162.2
2025-10-27T02:08:05.000Z,No,0.81,252,204.12
2025-10-27T02:08:05.000Z,No,0.845,100,84.5
2025-10-27T02:08:05.000Z,No,0.847,40,33.88
2025-10-27T02:08:05.000Z,No,0.845,100,84.5
2025-10-27T02:08:05.000Z,No,0.82,216,177.12
2025-10-27T02:08:05.000Z,Yes,0.1822696469,5423.173938,988.479999
2025-10-27T02:10:51.000Z,Yes,0.165,200,33
2025-10-27T02:10:51.000Z,No,0.835,200,167
2025-10-27T02:31:49.000Z,No,0.8419999976,23.752968,19.999999
2025-10-27T02:31:49.000Z,Yes,0.1580000024,23.752968,3.752969
2025-10-27T02:41:15.000Z,No,0.8379999886,5.966586,4.999999
2025-10-27T02:41:15.000Z,Yes,0.1620000114,5.966586,0.966587
2025-10-27T03:09:31.000Z,No,0.83399998,1.199036,0.999996
2025-10-27T03:09:31.000Z,Yes,0.16600002,1.199036,0.19904
2025-10-27T03:35:27.000Z,Yes,0.166,12.1,2.0086
2025-10-27T03:35:27.000Z,Yes,0.166,26,4.316
2025-10-27T03:35:27.000Z,Yes,0.165,25.8,4.257
2025-10-27T04:03:25.000Z,Yes,0.1709998646,5.847952,0.999999
2025-10-27T04:21:57.000Z,Yes,0.1758943268,5.685226,0.999999
2025-10-27T04:41:55.000Z,Yes,0.1859998516,5.376343,0.999999
2025-10-27T04:41:55.000Z,No,0.8140001484,5.376343,4.376344
2025-10-27T04:46:35.000Z,Yes,0.1849998631,5.405404,0.999999
2025-10-27T05:02:39.000Z,Yes,0.166,0.31,0.05146
2025-10-27T05:39:13.000Z,Yes,0.1809998805,5.52486,0.999999
2025-10-27T05:56:37.000Z,Yes,0.179999958,16.666665,2.999999
2025-10-27T06:07:43.000Z,Yes,0.167,20,3.34
2025-10-27T06:07:43.000Z,No,0.833,20,16.66
2025-10-27T06:19:11.000Z,No,0.833,16.66,13.87778
2025-10-27T06:20:19.000Z,Yes,0.1819998675,5.494504,0.999999
2025-10-27T06:22:55.000Z,Yes,0.168,5.49,0.92232
2025-10-27T06:31:51.000Z,No,0.8150001369,5.405404,4.405405
2025-10-27T06:31:51.000Z,Yes,0.1849998631,5.405404,0.999999
2025-10-27T06:42:01.000Z,Yes,0.168,12.51,2.10168
2025-10-27T06:42:01.000Z,No,0.83293745,200,166.58749
2025-10-27T06:42:01.000Z,Yes,0.168,1.51,0.25368
2025-10-27T06:42:01.000Z,Yes,0.168,58.49,9.82632
2025-10-27T06:42:01.000Z,No,0.832,60,49.92
2025-10-27T06:42:03.000Z,No,0.833,20,16.66
2025-10-27T06:55:01.000Z,Yes,0.1854270184,53.929568,9.999999
2025-10-27T07:08:33.000Z,Yes,0.168,40,6.72
2025-10-27T07:08:33.000Z,Yes,0.168,20,3.36
2025-10-27T07:08:33.000Z,No,0.832,40,33.28
2025-10-27T07:08:33.000Z,No,0.832,20,16.64
2025-10-27T07:31:47.000Z,Yes,0.1829998798,5.464479,0.999999
2025-10-27T07:32:39.000Z,Yes,0.168,17.75,2.982
2025-10-27T07:40:31.000Z,Yes,0.1829999726,27.322403,4.999999
2025-10-27T07:46:29.000Z,No,0.832,20,16.64
2025-10-27T07:46:29.000Z,Yes,0.168,20,3.36
2025-10-27T07:48:13.000Z,Yes,0.175,114,19.95
2025-10-27T07:48:13.000Z,No,0.825,20,16.5
2025-10-27T07:48:33.000Z,Yes,0.168,5.2,0.8736
2025-10-27T07:48:33.000Z,No,0.8329577236,123,102.4538
2025-10-27T07:49:37.000Z,No,0.833,6,4.998
2025-10-27T07:54:17.000Z,No,0.831,10,8.31
2025-10-27T07:54:17.000Z,Yes,0.1700446573,20.935671,3.559999
2025-10-27T07:54:21.000Z,No,0.833,9.09,7.57197
2025-10-27T07:54:21.000Z,Yes,0.167,6.82,1.13894
2025-10-27T07:54:33.000Z,Yes,0.1749998775,5.714284,0.999999
2025-10-27T07:56:33.000Z,Yes,0.166,21.87,3.63042
2025-10-27T07:56:33.000Z,No,0.8334811881,45.45,37.88172
2025-10-27T07:56:33.000Z,Yes,0.167,23.58,3.93786
2025-10-27T07:56:47.000Z,Yes,0.1749999746,28.571427,4.999999
2025-10-27T08:01:09.000Z,No,0.834,20,16.68
2025-10-27T08:01:09.000Z,Yes,0.166,20,3.32
2025-10-27T08:01:29.000Z,No,0.825,20,16.5
2025-10-27T08:01:29.000Z,Yes,0.1743652963,57.350856,9.999999
2025-10-27T08:07:55.000Z,No,0.83399998,1.199036,0.999996
